monthyr_num,month,state,handgun,long_gun,other,multiple,returned_handgun,returned_long_gun,returned_other,Total Sales,Year
201907,2019-07,Alabama,8711.0,5851.0,410.0,353,0.0,0.0,0.0,15325.0,2019
201907,2019-07,Alaska,2172.0,2139.0,247.0,151,26.0,22.0,0.0,4709.0,2019
201907,2019-07,Arizona,11005.0,5995.0,1203.0,651,113.0,9.0,0.0,18854.0,2019
201907,2019-07,Arkansas,4049.0,3487.0,289.0,305,0.0,0.0,0.0,8130.0,2019
201907,2019-07,California,30400.0,20830.0,3485.0,0,0.0,0.0,0.0,54715.0,2019
201907,2019-07,Colorado,15550.0,9601.0,1238.0,916,292.0,57.0,1.0,27305.0,2019
201907,2019-07,Connecticut,4235.0,1403.0,409.0,0,0.0,0.0,0.0,6047.0,2019
201907,2019-07,Delaware,1410.0,936.0,107.0,65,41.0,0.0,3.0,2518.0,2019
201907,2019-07,District of Columbia,105.0,4.0,0.0,3,0.0,0.0,13.0,112.0,2019
201907,2019-07,Florida,43914.0,13570.0,3307.0,1968,1006.0,116.0,6.0,62759.0,2019
201907,2019-07,Georgia,9663.0,5261.0,476.0,394,2.0,2.0,0.0,15794.0,2019
201907,2019-07,Guam,121.0,57.0,14.0,8,0.0,0.0,0.0,200.0,2019
201907,2019-07,Hawaii,0.0,0.0,0.0,0,2.0,3.0,0.0,0.0,2019
201907,2019-07,Idaho,3504.0,3341.0,311.0,179,42.0,9.0,6.0,7335.0,2019
201907,2019-07,Illinois,15782.0,6889.0,0.0,730,0.0,0.0,0.0,23401.0,2019
201907,2019-07,Indiana,13982.0,7568.0,1225.0,583,24.0,2.0,1.0,23358.0,2019
201907,2019-07,Iowa,113.0,1264.0,29.0,4,32.0,10.0,0.0,1410.0,2019
201907,2019-07,Kansas,4255.0,3203.0,417.0,260,41.0,14.0,2.0,8135.0,2019
201907,2019-07,Kentucky,8059.0,4658.0,370.0,451,17.0,14.0,0.0,13538.0,2019
201907,2019-07,Louisiana,7646.0,5110.0,624.0,399,1.0,0.0,0.0,13779.0,2019
201907,2019-07,Maine,2322.0,2161.0,190.0,135,22.0,6.0,0.0,4808.0,2019
201907,2019-07,Mariana Islands,5.0,8.0,0.0,0,0.0,0.0,0.0,13.0,2019
201907,2019-07,Maryland,3082.0,3162.0,84.0,50,35.0,14.0,0.0,6378.0,2019
201907,2019-07,Massachusetts,3711.0,1886.0,387.0,132,0.0,0.0,0.0,6116.0,2019
201907,2019-07,Michigan,7396.0,5571.0,538.0,164,65.0,16.0,1.0,13669.0,2019
201907,2019-07,Minnesota,6938.0,6575.0,610.0,289,47.0,14.0,3.0,14412.0,2019
201907,2019-07,Mississippi,5769.0,3476.0,313.0,302,5.0,1.0,0.0,9860.0,2019
201907,2019-07,Missouri,14131.0,10224.0,1249.0,787,254.0,26.0,4.0,26391.0,2019
201907,2019-07,Montana,2615.0,3045.0,192.0,209,24.0,5.0,3.0,6061.0,2019
201907,2019-07,Nebraska,80.0,1047.0,19.0,1,28.0,10.0,0.0,1147.0,2019
201907,2019-07,Nevada,3852.0,1891.0,313.0,240,2.0,0.0,0.0,6296.0,2019
201907,2019-07,New Hampshire,3874.0,1996.0,217.0,0,63.0,8.0,3.0,6087.0,2019
201907,2019-07,New Jersey,4160.0,2590.0,211.0,0,1.0,0.0,0.0,6961.0,2019
201907,2019-07,New Mexico,5219.0,3365.0,458.0,379,54.0,0.0,0.0,9421.0,2019
201907,2019-07,New York,7051.0,8051.0,1055.0,214,31.0,66.0,1.0,16371.0,2019
201907,2019-07,North Carolina,1265.0,7650.0,806.0,185,500.0,85.0,12.0,9906.0,2019
201907,2019-07,North Dakota,1219.0,1942.0,111.0,72,1.0,0.0,0.0,3344.0,2019
201907,2019-07,Ohio,15931.0,9342.0,1203.0,748,67.0,13.0,12.0,27224.0,2019
201907,2019-07,Oklahoma,8752.0,5997.0,923.0,779,0.0,0.0,0.0,16451.0,2019
201907,2019-07,Oregon,11746.0,7572.0,0.0,6,164.0,59.0,0.0,19324.0,2019
201907,2019-07,Pennsylvania,33850.0,10017.0,27.0,0,625.0,89.0,1.0,43894.0,2019
201907,2019-07,Puerto Rico,1958.0,192.0,119.0,28,0.0,0.0,0.0,2297.0,2019
201907,2019-07,Rhode Island,788.0,479.0,73.0,125,27.0,49.0,1.0,1465.0,2019
201907,2019-07,South Carolina,7274.0,3667.0,696.0,331,172.0,10.0,0.0,11968.0,2019
201907,2019-07,South Dakota,2057.0,2214.0,159.0,106,0.0,0.0,0.0,4536.0,2019
201907,2019-07,Tennessee,19494.0,10191.0,1116.0,0,64.0,8.0,0.0,30801.0,2019
201907,2019-07,Texas,34215.0,21520.0,3002.0,1887,63.0,4.0,0.0,60624.0,2019
201907,2019-07,Utah,2558.0,2495.0,269.0,0,152.0,49.0,16.0,5322.0,2019
201907,2019-07,Vermont,1005.0,978.0,122.0,62,0.0,0.0,0.0,2167.0,2019
201907,2019-07,Virgin Islands,45.0,5.0,0.0,0,0.0,0.0,0.0,50.0,2019
201907,2019-07,Virginia,19139.0,9731.0,2757.0,0,56.0,8.0,1.0,31627.0,2019
201907,2019-07,Washington,12636.0,5788.0,2716.0,39,638.0,170.0,17.0,21179.0,2019
201907,2019-07,West Virginia,4289.0,3610.0,229.0,292,10.0,0.0,1.0,8420.0,2019
201907,2019-07,Wisconsin,9938.0,6714.0,746.0,48,94.0,32.0,0.0,17446.0,2019
201907,2019-07,Wyoming,1528.0,1587.0,136.0,101,0.0,0.0,0.0,3352.0,2019
201906,2019-06,Alabama,6947.0,4521.0,298.0,432,0.0,0.0,0.0,12198.0,2019
201906,2019-06,Alaska,2465.0,2000.0,239.0,182,29.0,22.0,0.0,4886.0,2019
201906,2019-06,Arizona,11375.0,5931.0,1309.0,656,97.0,11.0,4.0,19271.0,2019
201906,2019-06,Arkansas,4653.0,3214.0,292.0,458,0.0,0.0,0.0,8617.0,2019
201906,2019-06,California,38712.0,27050.0,4856.0,0,0.0,0.0,0.0,70618.0,2019
201906,2019-06,Colorado,16013.0,10215.0,1360.0,913,250.0,39.0,0.0,28501.0,2019
201906,2019-06,Connecticut,4296.0,1449.0,533.0,0,0.0,0.0,0.0,6278.0,2019
201906,2019-06,Delaware,1364.0,907.0,122.0,45,65.0,0.0,0.0,2438.0,2019
201906,2019-06,District of Columbia,113.0,3.0,0.0,2,0.0,0.0,14.0,118.0,2019
201906,2019-06,Florida,44378.0,13576.0,3642.0,2484,876.0,111.0,10.0,64080.0,2019
201906,2019-06,Georgia,10549.0,5425.0,566.0,780,0.0,0.0,0.0,17320.0,2019
201906,2019-06,Guam,123.0,46.0,8.0,4,0.0,0.0,0.0,181.0,2019
201906,2019-06,Hawaii,0.0,0.0,0.0,0,0.0,1.0,0.0,0.0,2019
201906,2019-06,Idaho,3599.0,3611.0,367.0,196,33.0,3.0,6.0,7773.0,2019
201906,2019-06,Illinois,17041.0,7321.0,0.0,765,0.0,0.0,0.0,25127.0,2019
201906,2019-06,Indiana,15272.0,7963.0,1368.0,705,14.0,0.0,0.0,25308.0,2019
201906,2019-06,Iowa,117.0,1299.0,20.0,4,24.0,12.0,3.0,1440.0,2019
201906,2019-06,Kansas,4133.0,2981.0,453.0,362,27.0,4.0,0.0,7929.0,2019
201906,2019-06,Kentucky,8520.0,4608.0,384.0,514,18.0,19.0,0.0,14026.0,2019
201906,2019-06,Louisiana,7874.0,4613.0,673.0,812,0.0,0.0,0.0,13972.0,2019
201906,2019-06,Maine,2616.0,2091.0,236.0,156,12.0,9.0,0.0,5099.0,2019
201906,2019-06,Mariana Islands,8.0,9.0,1.0,0,0.0,0.0,0.0,18.0,2019
201906,2019-06,Maryland,3097.0,3377.0,98.0,34,57.0,30.0,0.0,6606.0,2019
201906,2019-06,Massachusetts,4203.0,1808.0,406.0,138,0.0,0.0,0.0,6555.0,2019
201906,2019-06,Michigan,8445.0,5628.0,589.0,163,92.0,31.0,1.0,14825.0,2019
201906,2019-06,Minnesota,7316.0,6337.0,747.0,335,61.0,9.0,2.0,14735.0,2019
201906,2019-06,Mississippi,5883.0,3303.0,286.0,479,0.0,0.0,0.0,9951.0,2019
201906,2019-06,Missouri,14970.0,10263.0,1443.0,1105,203.0,23.0,3.0,27781.0,2019
201906,2019-06,Montana,2644.0,3130.0,216.0,199,30.0,12.0,0.0,6189.0,2019
201906,2019-06,Nebraska,109.0,1089.0,16.0,1,24.0,2.0,0.0,1215.0,2019
201906,2019-06,Nevada,4117.0,2066.0,306.0,264,2.0,1.0,0.0,6753.0,2019
201906,2019-06,New Hampshire,4138.0,2310.0,169.0,1,49.0,5.0,6.0,6618.0,2019
201906,2019-06,New Jersey,4273.0,2652.0,178.0,0,4.0,0.0,0.0,7103.0,2019
201906,2019-06,New Mexico,5389.0,3203.0,530.0,255,49.0,0.0,0.0,9377.0,2019
201906,2019-06,New York,7400.0,9047.0,1092.0,191,20.0,53.0,0.0,17730.0,2019
201906,2019-06,North Carolina,1411.0,7908.0,894.0,185,439.0,66.0,17.0,10398.0,2019
201906,2019-06,North Dakota,1286.0,1942.0,114.0,102,2.0,0.0,0.0,3444.0,2019
201906,2019-06,Ohio,17949.0,9885.0,1659.0,874,45.0,12.0,0.0,30367.0,2019
201906,2019-06,Oklahoma,9630.0,5819.0,1026.0,1072,0.0,0.0,0.0,17547.0,2019
201906,2019-06,Oregon,12046.0,8124.0,0.0,6,139.0,50.0,1.0,20176.0,2019
201906,2019-06,Pennsylvania,36023.0,10325.0,27.0,0,533.0,91.0,5.0,46375.0,2019
201906,2019-06,Puerto Rico,2568.0,193.0,117.0,40,0.0,0.0,0.0,2918.0,2019
201906,2019-06,Rhode Island,787.0,499.0,76.0,129,41.0,52.0,0.0,1491.0,2019
201906,2019-06,South Carolina,8236.0,3834.0,740.0,652,117.0,7.0,2.0,13462.0,2019
201906,2019-06,South Dakota,2162.0,2237.0,166.0,156,0.0,0.0,0.0,4721.0,2019
201906,2019-06,Tennessee,20708.0,9777.0,1510.0,0,49.0,9.0,1.0,31995.0,2019
201906,2019-06,Texas,37592.0,22608.0,3351.0,4335,59.0,3.0,0.0,67886.0,2019
201906,2019-06,Utah,2803.0,2571.0,273.0,0,149.0,50.0,27.0,5647.0,2019
201906,2019-06,Vermont,1116.0,982.0,101.0,61,0.0,0.0,0.0,2260.0,2019
201906,2019-06,Virgin Islands,38.0,7.0,0.0,2,0.0,0.0,0.0,47.0,2019
201906,2019-06,Virginia,20006.0,9518.0,2825.0,0,46.0,12.0,0.0,32349.0,2019
201906,2019-06,Washington,28670.0,18920.0,12059.0,3101,419.0,108.0,10.0,62750.0,2019
201906,2019-06,West Virginia,4894.0,3738.0,302.0,263,5.0,1.0,1.0,9197.0,2019
201906,2019-06,Wisconsin,11174.0,7388.0,854.0,46,89.0,30.0,2.0,19462.0,2019
201906,2019-06,Wyoming,1664.0,1728.0,160.0,114,0.0,0.0,0.0,3666.0,2019
201905,2019-05,Alabama,6448.0,4041.0,271.0,342,0.0,0.0,0.0,11102.0,2019
201905,2019-05,Alaska,2716.0,2440.0,287.0,199,56.0,40.0,0.0,5642.0,2019
201905,2019-05,Arizona,11969.0,5987.0,1242.0,724,102.0,8.0,1.0,19922.0,2019
201905,2019-05,Arkansas,4600.0,3499.0,293.0,421,0.0,0.0,0.0,8813.0,2019
201905,2019-05,California,36314.0,24718.0,4700.0,0,0.0,0.0,0.0,65732.0,2019
201905,2019-05,Colorado,16653.0,10619.0,1445.0,1023,309.0,67.0,1.0,29740.0,2019
201905,2019-05,Connecticut,4655.0,1622.0,654.0,0,0.0,0.0,0.0,6931.0,2019
201905,2019-05,Delaware,1568.0,1028.0,159.0,90,88.0,0.0,0.0,2845.0,2019
201905,2019-05,District of Columbia,142.0,4.0,0.0,4,1.0,0.0,22.0,150.0,2019
201905,2019-05,Florida,45087.0,14214.0,3760.0,2422,1031.0,123.0,5.0,65483.0,2019
201905,2019-05,Georgia,10988.0,5172.0,558.0,674,0.0,0.0,0.0,17392.0,2019
201905,2019-05,Guam,102.0,46.0,11.0,3,0.0,0.0,0.0,162.0,2019
201905,2019-05,Hawaii,0.0,0.0,0.0,0,1.0,2.0,0.0,0.0,2019
201905,2019-05,Idaho,3738.0,3728.0,359.0,243,27.0,7.0,5.0,8068.0,2019
201905,2019-05,Illinois,17976.0,7587.0,0.0,726,0.0,0.0,0.0,26289.0,2019
201905,2019-05,Indiana,15062.0,8146.0,1431.0,619,24.0,1.0,0.0,25258.0,2019
201905,2019-05,Iowa,115.0,1471.0,27.0,1,36.0,10.0,4.0,1614.0,2019
201905,2019-05,Kansas,4466.0,3391.0,462.0,407,24.0,3.0,0.0,8726.0,2019
201905,2019-05,Kentucky,7899.0,4585.0,343.0,511,3.0,2.0,0.0,13338.0,2019
201905,2019-05,Louisiana,8327.0,5074.0,724.0,768,0.0,0.0,0.0,14893.0,2019
201905,2019-05,Maine,2886.0,2285.0,331.0,192,17.0,33.0,0.0,5694.0,2019
201905,2019-05,Mariana Islands,7.0,7.0,2.0,1,0.0,0.0,0.0,17.0,2019
201905,2019-05,Maryland,3385.0,3645.0,89.0,25,58.0,26.0,0.0,7144.0,2019
201905,2019-05,Massachusetts,3759.0,2113.0,437.0,182,0.0,0.0,0.0,6491.0,2019
201905,2019-05,Michigan,9057.0,5984.0,602.0,196,78.0,5.0,0.0,15839.0,2019
201905,2019-05,Minnesota,8570.0,7754.0,809.0,378,47.0,14.0,1.0,17511.0,2019
201905,2019-05,Mississippi,6614.0,3553.0,353.0,495,0.0,0.0,0.0,11015.0,2019
201905,2019-05,Missouri,15869.0,10448.0,1452.0,1048,300.0,34.0,2.0,28817.0,2019
201905,2019-05,Montana,2747.0,3255.0,222.0,203,38.0,9.0,4.0,6427.0,2019
201905,2019-05,Nebraska,67.0,1089.0,22.0,4,30.0,0.0,0.0,1182.0,2019
201905,2019-05,Nevada,4128.0,2161.0,281.0,254,0.0,0.0,0.0,6824.0,2019
201905,2019-05,New Hampshire,4079.0,2328.0,205.0,1,64.0,6.0,6.0,6613.0,2019
201905,2019-05,New Jersey,4791.0,2545.0,219.0,0,0.0,0.0,0.0,7555.0,2019
201905,2019-05,New Mexico,5564.0,3361.0,530.0,292,50.0,0.0,0.0,9747.0,2019
201905,2019-05,New York,8260.0,10090.0,1296.0,206,37.0,63.0,0.0,19852.0,2019
201905,2019-05,North Carolina,1312.0,7798.0,989.0,180,467.0,95.0,24.0,10279.0,2019
201905,2019-05,North Dakota,1436.0,2033.0,106.0,75,3.0,0.0,0.0,3650.0,2019
201905,2019-05,Ohio,17577.0,9758.0,1569.0,864,50.0,15.0,1.0,29768.0,2019
201905,2019-05,Oklahoma,9704.0,6112.0,1055.0,1008,0.0,0.0,0.0,17879.0,2019
201905,2019-05,Oregon,12305.0,8465.0,0.0,10,155.0,52.0,1.0,20780.0,2019
201905,2019-05,Pennsylvania,38050.0,10807.0,13.0,0,683.0,107.0,1.0,48870.0,2019
201905,2019-05,Puerto Rico,2266.0,188.0,153.0,23,0.0,0.0,0.0,2630.0,2019
201905,2019-05,Rhode Island,941.0,515.0,96.0,169,17.0,40.0,3.0,1721.0,2019
201905,2019-05,South Carolina,8332.0,3531.0,843.0,631,147.0,7.0,2.0,13337.0,2019
201905,2019-05,South Dakota,2148.0,2383.0,187.0,118,0.0,0.0,0.0,4836.0,2019
201905,2019-05,Tennessee,20921.0,9885.0,1522.0,0,52.0,6.0,1.0,32328.0,2019
201905,2019-05,Texas,38714.0,23587.0,3118.0,3993,49.0,6.0,0.0,69412.0,2019
201905,2019-05,Utah,3045.0,2849.0,289.0,0,150.0,52.0,25.0,6183.0,2019
201905,2019-05,Vermont,1333.0,1138.0,111.0,61,0.0,0.0,0.0,2643.0,2019
201905,2019-05,Virgin Islands,27.0,4.0,0.0,0,0.0,0.0,0.0,31.0,2019
201905,2019-05,Virginia,17935.0,8821.0,2454.0,0,43.0,4.0,0.0,29210.0,2019
201905,2019-05,Washington,18141.0,11217.0,4250.0,1202,567.0,101.0,9.0,34810.0,2019
201905,2019-05,West Virginia,4787.0,3700.0,278.0,313,14.0,1.0,2.0,9078.0,2019
201905,2019-05,Wisconsin,11997.0,8512.0,948.0,56,88.0,31.0,4.0,21513.0,2019
201905,2019-05,Wyoming,1740.0,1828.0,150.0,108,0.0,0.0,0.0,3826.0,2019
201904,2019-04,Alabama,6747.0,4538.0,265.0,240,0.0,0.0,0.0,11790.0,2019
201904,2019-04,Alaska,2704.0,2605.0,323.0,215,24.0,21.0,0.0,5847.0,2019
201904,2019-04,Arizona,12985.0,6750.0,1280.0,731,107.0,10.0,1.0,21746.0,2019
201904,2019-04,Arkansas,4951.0,4060.0,319.0,303,0.0,0.0,0.0,9633.0,2019
201904,2019-04,California,37484.0,25895.0,4204.0,0,0.0,0.0,0.0,67583.0,2019
201904,2019-04,Colorado,17199.0,11594.0,1470.0,1141,342.0,71.0,4.0,31404.0,2019
201904,2019-04,Connecticut,4775.0,1792.0,500.0,0,0.0,0.0,0.0,7067.0,2019
201904,2019-04,Delaware,1687.0,1146.0,132.0,116,88.0,0.0,0.0,3081.0,2019
201904,2019-04,District of Columbia,122.0,1.0,0.0,2,0.0,0.0,2.0,125.0,2019
201904,2019-04,Florida,48329.0,15125.0,3652.0,2130,908.0,84.0,1.0,69236.0,2019
201904,2019-04,Georgia,12049.0,5798.0,608.0,438,2.0,0.0,0.0,18893.0,2019
201904,2019-04,Guam,88.0,46.0,11.0,5,0.0,0.0,0.0,150.0,2019
201904,2019-04,Hawaii,0.0,0.0,0.0,0,2.0,3.0,0.0,0.0,2019
201904,2019-04,Idaho,3865.0,4118.0,379.0,238,48.0,9.0,9.0,8600.0,2019
201904,2019-04,Illinois,21307.0,8748.0,0.0,790,0.0,0.0,0.0,30845.0,2019
201904,2019-04,Indiana,18528.0,9718.0,1493.0,686,22.0,0.0,0.0,30425.0,2019
201904,2019-04,Iowa,200.0,1761.0,41.0,4,25.0,12.0,0.0,2006.0,2019
201904,2019-04,Kansas,4737.0,3858.0,433.0,296,28.0,6.0,0.0,9324.0,2019
201904,2019-04,Kentucky,10133.0,5989.0,390.0,452,10.0,5.0,0.0,16964.0,2019
201904,2019-04,Louisiana,9196.0,5330.0,709.0,432,0.0,0.0,0.0,15667.0,2019
201904,2019-04,Maine,3134.0,2819.0,327.0,169,28.0,9.0,1.0,6449.0,2019
201904,2019-04,Mariana Islands,6.0,6.0,0.0,3,0.0,0.0,0.0,15.0,2019
201904,2019-04,Maryland,3759.0,4478.0,120.0,35,63.0,17.0,0.0,8392.0,2019
201904,2019-04,Massachusetts,3846.0,2280.0,455.0,175,0.0,0.0,0.0,6756.0,2019
201904,2019-04,Michigan,10368.0,7277.0,798.0,229,89.0,12.0,0.0,18672.0,2019
201904,2019-04,Minnesota,10655.0,11570.0,1007.0,809,40.0,19.0,1.0,24041.0,2019
201904,2019-04,Mississippi,7199.0,3936.0,341.0,305,0.0,0.0,0.0,11781.0,2019
201904,2019-04,Missouri,15972.0,12020.0,1478.0,943,249.0,37.0,5.0,30413.0,2019
201904,2019-04,Montana,2815.0,3704.0,242.0,266,25.0,5.0,2.0,7027.0,2019
201904,2019-04,Nebraska,84.0,1318.0,20.0,5,46.0,3.0,0.0,1427.0,2019
201904,2019-04,Nevada,4502.0,2535.0,315.0,258,1.0,0.0,0.0,7610.0,2019
201904,2019-04,New Hampshire,4747.0,2873.0,207.0,3,75.0,5.0,10.0,7830.0,2019
201904,2019-04,New Jersey,4819.0,2982.0,213.0,0,3.0,0.0,0.0,8014.0,2019
201904,2019-04,New Mexico,5808.0,3936.0,609.0,323,39.0,0.0,0.0,10676.0,2019
201904,2019-04,New York,8971.0,12724.0,1521.0,230,31.0,66.0,0.0,23446.0,2019
201904,2019-04,North Carolina,1487.0,8892.0,980.0,184,464.0,70.0,28.0,11543.0,2019
201904,2019-04,North Dakota,1743.0,2524.0,131.0,99,2.0,1.0,0.0,4497.0,2019
201904,2019-04,Ohio,22541.0,11994.0,2104.0,963,42.0,6.0,4.0,37602.0,2019
201904,2019-04,Oklahoma,10608.0,7199.0,1334.0,888,0.0,0.0,0.0,20029.0,2019
201904,2019-04,Oregon,13360.0,9875.0,0.0,11,138.0,66.0,3.0,23246.0,2019
201904,2019-04,Pennsylvania,42418.0,12300.0,32.0,0,591.0,89.0,2.0,54750.0,2019
201904,2019-04,Puerto Rico,2135.0,162.0,91.0,17,0.0,0.0,0.0,2405.0,2019
201904,2019-04,Rhode Island,995.0,742.0,115.0,205,37.0,56.0,2.0,2057.0,2019
201904,2019-04,South Carolina,9362.0,4050.0,702.0,369,163.0,5.0,1.0,14483.0,2019
201904,2019-04,South Dakota,2360.0,2870.0,193.0,172,0.0,0.0,0.0,5595.0,2019
201904,2019-04,Tennessee,21848.0,10619.0,1224.0,0,75.0,9.0,0.0,33691.0,2019
201904,2019-04,Texas,38994.0,24009.0,3451.0,2167,72.0,2.0,0.0,68621.0,2019
201904,2019-04,Utah,3365.0,3235.0,361.0,0,179.0,49.0,73.0,6961.0,2019
201904,2019-04,Vermont,1518.0,1485.0,122.0,91,0.0,0.0,0.0,3216.0,2019
201904,2019-04,Virgin Islands,24.0,5.0,1.0,2,0.0,0.0,0.0,32.0,2019
201904,2019-04,Virginia,20270.0,10699.0,2692.0,0,50.0,9.0,0.0,33661.0,2019
201904,2019-04,Washington,17631.0,10844.0,3139.0,873,545.0,108.0,8.0,32487.0,2019
201904,2019-04,West Virginia,5819.0,4822.0,318.0,310,25.0,0.0,0.0,11269.0,2019
201904,2019-04,Wisconsin,14617.0,12535.0,1127.0,52,87.0,39.0,5.0,28331.0,2019
201904,2019-04,Wyoming,1888.0,1906.0,153.0,136,0.0,0.0,0.0,4083.0,2019
201903,2019-03,Alabama,9991.0,6439.0,348.0,360,0.0,0.0,0.0,17138.0,2019
201903,2019-03,Alaska,3117.0,2844.0,355.0,233,19.0,15.0,0.0,6549.0,2019
201903,2019-03,Arizona,15993.0,8497.0,1422.0,947,103.0,5.0,2.0,26859.0,2019
201903,2019-03,Arkansas,7948.0,5821.0,467.0,415,0.0,0.0,0.0,14651.0,2019
201903,2019-03,California,42551.0,28146.0,4299.0,0,0.0,0.0,0.0,74996.0,2019
201903,2019-03,Colorado,22511.0,13791.0,1720.0,1371,271.0,68.0,0.0,39393.0,2019
201903,2019-03,Connecticut,6189.0,2344.0,789.0,0,0.0,0.0,0.0,9322.0,2019
201903,2019-03,Delaware,2407.0,1377.0,170.0,108,130.0,0.0,0.0,4062.0,2019
201903,2019-03,District of Columbia,112.0,5.0,0.0,0,0.0,0.0,0.0,117.0,2019
201903,2019-03,Florida,59615.0,19429.0,3869.0,2526,948.0,117.0,2.0,85439.0,2019
201903,2019-03,Georgia,19228.0,9131.0,784.0,713,7.0,0.0,0.0,29856.0,2019
201903,2019-03,Guam,123.0,53.0,13.0,6,0.0,0.0,0.0,195.0,2019
201903,2019-03,Hawaii,0.0,0.0,0.0,0,1.0,2.0,0.0,0.0,2019
201903,2019-03,Idaho,5362.0,5161.0,502.0,334,36.0,16.0,3.0,11359.0,2019
201903,2019-03,Illinois,29438.0,13143.0,0.0,1302,0.0,0.0,0.0,43883.0,2019
201903,2019-03,Indiana,26630.0,13737.0,2005.0,985,15.0,0.0,1.0,43357.0,2019
201903,2019-03,Iowa,204.0,3014.0,55.0,5,25.0,4.0,1.0,3278.0,2019
201903,2019-03,Kansas,7807.0,5590.0,693.0,415,28.0,6.0,0.0,14505.0,2019
201903,2019-03,Kentucky,15646.0,8110.0,534.0,781,13.0,11.0,0.0,25071.0,2019
201903,2019-03,Louisiana,13050.0,7148.0,892.0,583,0.0,0.0,0.0,21673.0,2019
201903,2019-03,Maine,4191.0,2992.0,380.0,210,19.0,5.0,1.0,7773.0,2019
201903,2019-03,Mariana Islands,8.0,8.0,2.0,0,0.0,0.0,0.0,18.0,2019
201903,2019-03,Maryland,4288.0,6080.0,138.0,42,50.0,34.0,1.0,10548.0,2019
201903,2019-03,Massachusetts,5079.0,3151.0,644.0,219,0.0,1.0,0.0,9093.0,2019
201903,2019-03,Michigan,15403.0,10260.0,903.0,286,130.0,8.0,3.0,26852.0,2019
201903,2019-03,Minnesota,12098.0,11981.0,1307.0,538,28.0,17.0,2.0,25924.0,2019
201903,2019-03,Mississippi,11180.0,6116.0,430.0,460,0.0,0.0,0.0,18186.0,2019
201903,2019-03,Missouri,23939.0,17749.0,2160.0,1449,261.0,35.0,2.0,45297.0,2019
201903,2019-03,Montana,3703.0,4218.0,351.0,310,27.0,4.0,2.0,8582.0,2019
201903,2019-03,Nebraska,146.0,1913.0,27.0,5,11.0,3.0,0.0,2091.0,2019
201903,2019-03,Nevada,6661.0,3114.0,446.0,393,0.0,0.0,0.0,10614.0,2019
201903,2019-03,New Hampshire,6297.0,3374.0,254.0,0,49.0,3.0,8.0,9925.0,2019
201903,2019-03,New Jersey,4579.0,3446.0,226.0,0,7.0,0.0,0.0,8251.0,2019
201903,2019-03,New Mexico,8137.0,5252.0,784.0,558,38.0,0.0,0.0,14731.0,2019
201903,2019-03,New York,10834.0,14996.0,1751.0,260,20.0,62.0,0.0,27841.0,2019
201903,2019-03,North Carolina,1931.0,12758.0,1249.0,290,346.0,77.0,9.0,16228.0,2019
201903,2019-03,North Dakota,2191.0,2783.0,158.0,106,0.0,0.0,0.0,5238.0,2019
201903,2019-03,Ohio,31090.0,17313.0,2208.0,1358,42.0,12.0,8.0,51969.0,2019
201903,2019-03,Oklahoma,15423.0,9896.0,1416.0,1167,0.0,0.0,0.0,27902.0,2019
201903,2019-03,Oregon,17208.0,12161.0,0.0,7,134.0,49.0,2.0,29376.0,2019
201903,2019-03,Pennsylvania,60068.0,16921.0,29.0,0,576.0,133.0,0.0,77018.0,2019
201903,2019-03,Puerto Rico,2238.0,157.0,98.0,31,0.0,0.0,0.0,2524.0,2019
201903,2019-03,Rhode Island,1201.0,858.0,159.0,268,41.0,80.0,2.0,2486.0,2019
201903,2019-03,South Carolina,13957.0,6268.0,843.0,821,117.0,11.0,1.0,21889.0,2019
201903,2019-03,South Dakota,3274.0,3450.0,228.0,215,0.0,0.0,0.0,7167.0,2019
201903,2019-03,Tennessee,30728.0,15086.0,1463.0,0,50.0,7.0,0.0,47277.0,2019
201903,2019-03,Texas,55222.0,31747.0,4092.0,2938,63.0,7.0,0.0,93999.0,2019
201903,2019-03,Utah,4876.0,4081.0,393.0,0,156.0,50.0,31.0,9350.0,2019
201903,2019-03,Vermont,2043.0,1693.0,220.0,82,0.0,0.0,0.0,4038.0,2019
201903,2019-03,Virgin Islands,28.0,3.0,0.0,0,0.0,0.0,0.0,31.0,2019
201903,2019-03,Virginia,29043.0,14550.0,3547.0,0,54.0,12.0,0.0,47140.0,2019
201903,2019-03,Washington,21158.0,13211.0,3329.0,998,518.0,82.0,14.0,38696.0,2019
201903,2019-03,West Virginia,8633.0,6778.0,469.0,538,1.0,2.0,2.0,16418.0,2019
201903,2019-03,Wisconsin,19952.0,15240.0,1283.0,54,107.0,30.0,0.0,36529.0,2019
201903,2019-03,Wyoming,2497.0,2314.0,199.0,138,1.0,2.0,0.0,5148.0,2019
201902,2019-02,Alabama,8278.0,5353.0,302.0,451,0.0,0.0,0.0,14384.0,2019
201902,2019-02,Alaska,2261.0,1904.0,276.0,176,26.0,24.0,0.0,4617.0,2019
201902,2019-02,Arizona,13933.0,7135.0,1244.0,978,62.0,9.0,1.0,23290.0,2019
201902,2019-02,Arkansas,7144.0,5251.0,357.0,576,0.0,0.0,0.0,13328.0,2019
201902,2019-02,California,36424.0,22506.0,3932.0,0,0.0,0.0,0.0,62862.0,2019
201902,2019-02,Colorado,18697.0,11731.0,1550.0,1168,273.0,53.0,8.0,33146.0,2019
201902,2019-02,Connecticut,5459.0,1818.0,654.0,0,0.0,0.0,0.0,7931.0,2019
201902,2019-02,Delaware,1698.0,1208.0,124.0,76,50.0,0.0,0.0,3106.0,2019
201902,2019-02,District of Columbia,88.0,4.0,0.0,0,2.0,3.0,0.0,92.0,2019
201902,2019-02,Florida,51711.0,17833.0,3649.0,2315,814.0,87.0,3.0,75508.0,2019
201902,2019-02,Georgia,16172.0,7742.0,680.0,734,1.0,0.0,0.0,25328.0,2019
201902,2019-02,Guam,113.0,51.0,10.0,4,0.0,0.0,0.0,178.0,2019
201902,2019-02,Hawaii,0.0,0.0,0.0,0,2.0,2.0,0.0,0.0,2019
201902,2019-02,Idaho,3887.0,3548.0,394.0,292,28.0,8.0,2.0,8121.0,2019
201902,2019-02,Illinois,24870.0,11381.0,0.0,1094,0.0,0.0,0.0,37345.0,2019
201902,2019-02,Indiana,21297.0,11157.0,1623.0,854,10.0,1.0,0.0,34931.0,2019
201902,2019-02,Iowa,153.0,1935.0,60.0,6,23.0,16.0,0.0,2154.0,2019
201902,2019-02,Kansas,6271.0,4688.0,593.0,467,28.0,11.0,1.0,12019.0,2019
201902,2019-02,Kentucky,12027.0,7182.0,443.0,932,4.0,4.0,0.0,20584.0,2019
201902,2019-02,Louisiana,11056.0,6849.0,727.0,637,0.0,0.0,0.0,19269.0,2019
201902,2019-02,Maine,2989.0,2352.0,308.0,163,21.0,15.0,0.0,5812.0,2019
201902,2019-02,Mariana Islands,10.0,7.0,1.0,1,0.0,0.0,0.0,19.0,2019
201902,2019-02,Maryland,3822.0,4613.0,124.0,62,67.0,14.0,0.0,8621.0,2019
201902,2019-02,Massachusetts,4359.0,2428.0,555.0,177,0.0,0.0,0.0,7519.0,2019
201902,2019-02,Michigan,11272.0,7497.0,702.0,241,85.0,8.0,0.0,19712.0,2019
201902,2019-02,Minnesota,7938.0,7215.0,889.0,349,22.0,5.0,3.0,16391.0,2019
201902,2019-02,Mississippi,9790.0,5717.0,393.0,488,0.0,0.0,0.0,16388.0,2019
201902,2019-02,Missouri,19884.0,13773.0,1688.0,1308,233.0,24.0,5.0,36653.0,2019
201902,2019-02,Montana,2391.0,2730.0,254.0,337,19.0,3.0,0.0,5712.0,2019
201902,2019-02,Nebraska,122.0,1428.0,26.0,2,4.0,5.0,1.0,1578.0,2019
201902,2019-02,Nevada,5541.0,2524.0,353.0,293,0.0,0.0,0.0,8711.0,2019
201902,2019-02,New Hampshire,5793.0,2713.0,230.0,0,44.0,3.0,1.0,8736.0,2019
201902,2019-02,New Jersey,3794.0,2949.0,174.0,0,0.0,0.0,0.0,6917.0,2019
201902,2019-02,New Mexico,6890.0,4371.0,673.0,620,37.0,0.0,0.0,12554.0,2019
201902,2019-02,New York,8914.0,11566.0,1726.0,199,23.0,49.0,0.0,22405.0,2019
201902,2019-02,North Carolina,1620.0,11335.0,1083.0,310,8.0,0.0,0.0,14348.0,2019
201902,2019-02,North Dakota,1514.0,1981.0,131.0,80,0.0,0.0,0.0,3706.0,2019
201902,2019-02,Ohio,25652.0,13985.0,1635.0,1123,44.0,8.0,0.0,42395.0,2019
201902,2019-02,Oklahoma,13014.0,8165.0,1318.0,1126,0.0,0.0,0.0,23623.0,2019
201902,2019-02,Oregon,14214.0,9428.0,0.0,10,127.0,34.0,0.0,23652.0,2019
201902,2019-02,Pennsylvania,47570.0,13297.0,17.0,0,591.0,116.0,2.0,60884.0,2019
201902,2019-02,Puerto Rico,2129.0,154.0,83.0,28,0.0,0.0,0.0,2394.0,2019
201902,2019-02,Rhode Island,1043.0,624.0,134.0,198,32.0,43.0,0.0,1999.0,2019
201902,2019-02,South Carolina,12375.0,5724.0,760.0,833,123.0,9.0,0.0,19692.0,2019
201902,2019-02,South Dakota,2701.0,2790.0,243.0,187,0.0,0.0,0.0,5921.0,2019
201902,2019-02,Tennessee,27213.0,14058.0,1500.0,0,67.0,10.0,0.0,42771.0,2019
201902,2019-02,Texas,49130.0,28709.0,3663.0,3149,49.0,6.0,0.0,84651.0,2019
201902,2019-02,Utah,3463.0,3018.0,317.0,0,136.0,35.0,25.0,6798.0,2019
201902,2019-02,Vermont,1545.0,1373.0,163.0,71,0.0,0.0,0.0,3152.0,2019
201902,2019-02,Virgin Islands,46.0,1.0,1.0,0,0.0,0.0,0.0,48.0,2019
201902,2019-02,Virginia,24579.0,12572.0,3168.0,0,53.0,9.0,0.0,40319.0,2019
201902,2019-02,Washington,15775.0,10106.0,2927.0,910,462.0,78.0,2.0,29718.0,2019
201902,2019-02,West Virginia,7011.0,5575.0,384.0,677,12.0,3.0,5.0,13647.0,2019
201902,2019-02,Wisconsin,13838.0,9899.0,1017.0,62,69.0,21.0,2.0,24816.0,2019
201902,2019-02,Wyoming,1900.0,1791.0,168.0,118,0.0,0.0,0.0,3977.0,2019
201901,2019-01,Alabama,6671.0,5507.0,343.0,260,0.0,0.0,0.0,12781.0,2019
201901,2019-01,Alaska,1877.0,1685.0,290.0,139,33.0,34.0,0.0,3991.0,2019
201901,2019-01,Arizona,11710.0,6865.0,1255.0,675,90.0,11.0,0.0,20505.0,2019
201901,2019-01,Arkansas,5108.0,5175.0,401.0,335,0.0,0.0,0.0,11019.0,2019
201901,2019-01,California,35861.0,23195.0,4035.0,0,0.0,0.0,0.0,63091.0,2019
201901,2019-01,Colorado,16417.0,11575.0,1796.0,996,357.0,54.0,4.0,30784.0,2019
201901,2019-01,Connecticut,5368.0,1945.0,788.0,0,0.0,0.0,0.0,8101.0,2019
201901,2019-01,Delaware,1684.0,1473.0,141.0,70,55.0,0.0,0.0,3368.0,2019
201901,2019-01,District of Columbia,101.0,5.0,0.0,1,0.0,0.0,0.0,107.0,2019
201901,2019-01,Florida,47372.0,18749.0,3651.0,2132,821.0,82.0,3.0,71904.0,2019
201901,2019-01,Georgia,11780.0,7535.0,670.0,462,1.0,0.0,0.0,20447.0,2019
201901,2019-01,Guam,122.0,42.0,11.0,6,0.0,0.0,0.0,181.0,2019
201901,2019-01,Hawaii,0.0,0.0,0.0,0,1.0,2.0,0.0,0.0,2019
201901,2019-01,Idaho,3522.0,3602.0,414.0,176,54.0,7.0,0.0,7714.0,2019
201901,2019-01,Illinois,21587.0,10082.0,0.0,877,0.0,0.0,0.0,32546.0,2019
201901,2019-01,Indiana,17265.0,10423.0,1738.0,681,39.0,2.0,1.0,30107.0,2019
201901,2019-01,Iowa,128.0,1887.0,68.0,0,38.0,3.0,3.0,2083.0,2019
201901,2019-01,Kansas,5269.0,4584.0,688.0,294,26.0,3.0,1.0,10835.0,2019
201901,2019-01,Kentucky,8170.0,6213.0,510.0,450,6.0,6.0,0.0,15343.0,2019
201901,2019-01,Louisiana,8961.0,7473.0,844.0,460,0.0,0.0,0.0,17738.0,2019
201901,2019-01,Maine,2652.0,2333.0,407.0,165,25.0,21.0,0.0,5557.0,2019
201901,2019-01,Mariana Islands,9.0,11.0,4.0,1,0.0,0.0,0.0,25.0,2019
201901,2019-01,Maryland,4254.0,4473.0,100.0,27,78.0,24.0,0.0,8854.0,2019
201901,2019-01,Massachusetts,4016.0,2644.0,574.0,198,0.0,0.0,0.0,7432.0,2019
201901,2019-01,Michigan,8674.0,6844.0,800.0,175,110.0,17.0,0.0,16493.0,2019
201901,2019-01,Minnesota,8031.0,7106.0,1078.0,345,29.0,13.0,0.0,16560.0,2019
201901,2019-01,Mississippi,6833.0,5707.0,371.0,305,0.0,0.0,0.0,13216.0,2019
201901,2019-01,Missouri,16244.0,12657.0,1805.0,868,301.0,26.0,3.0,31574.0,2019
201901,2019-01,Montana,2097.0,2753.0,278.0,201,24.0,11.0,0.0,5329.0,2019
201901,2019-01,Nebraska,125.0,1711.0,32.0,3,4.0,9.0,0.0,1871.0,2019
201901,2019-01,Nevada,5001.0,2386.0,407.0,257,1.0,0.0,0.0,8051.0,2019
201901,2019-01,New Hampshire,4672.0,2529.0,118.0,1,75.0,5.0,5.0,7320.0,2019
201901,2019-01,New Jersey,3508.0,3084.0,170.0,0,0.0,0.0,0.0,6762.0,2019
201901,2019-01,New Mexico,4987.0,3778.0,657.0,289,45.0,0.0,0.0,9711.0,2019
201901,2019-01,New York,9271.0,11257.0,1804.0,230,28.0,65.0,2.0,22562.0,2019
201901,2019-01,North Carolina,1409.0,10951.0,1148.0,201,1.0,0.0,0.0,13709.0,2019
201901,2019-01,North Dakota,1425.0,2015.0,147.0,102,0.0,0.0,0.0,3689.0,2019
201901,2019-01,Ohio,19573.0,12290.0,1648.0,828,61.0,12.0,1.0,34339.0,2019
201901,2019-01,Oklahoma,10411.0,8202.0,1419.0,813,0.0,0.0,0.0,20845.0,2019
201901,2019-01,Oregon,13630.0,9117.0,0.0,11,160.0,84.0,0.0,22758.0,2019
201901,2019-01,Pennsylvania,40144.0,11833.0,7.0,0,658.0,138.0,0.0,51984.0,2019
201901,2019-01,Puerto Rico,2030.0,156.0,111.0,42,0.0,0.0,0.0,2339.0,2019
201901,2019-01,Rhode Island,1054.0,662.0,96.0,167,32.0,52.0,1.0,1979.0,2019
201901,2019-01,South Carolina,9696.0,5459.0,824.0,340,124.0,15.0,1.0,16319.0,2019
201901,2019-01,South Dakota,2154.0,2808.0,222.0,127,0.0,0.0,0.0,5311.0,2019
201901,2019-01,Tennessee,22848.0,13776.0,1315.0,0,61.0,10.0,2.0,37939.0,2019
201901,2019-01,Texas,39240.0,27842.0,3727.0,2179,48.0,9.0,0.0,72988.0,2019
201901,2019-01,Utah,3017.0,2834.0,344.0,0,162.0,55.0,34.0,6195.0,2019
201901,2019-01,Vermont,1124.0,1092.0,133.0,50,0.0,0.0,0.0,2399.0,2019
201901,2019-01,Virgin Islands,41.0,2.0,0.0,0,0.0,0.0,0.0,43.0,2019
201901,2019-01,Virginia,20600.0,12813.0,3209.0,0,44.0,12.0,0.0,36622.0,2019
201901,2019-01,Washington,17487.0,10889.0,3622.0,863,563.0,125.0,13.0,32861.0,2019
201901,2019-01,West Virginia,5355.0,4964.0,379.0,382,10.0,0.0,0.0,11080.0,2019
201901,2019-01,Wisconsin,12204.0,9154.0,1310.0,43,97.0,30.0,3.0,22711.0,2019
201901,2019-01,Wyoming,1530.0,1621.0,175.0,99,0.0,0.0,0.0,3425.0,2019
201812,2018-12,Alabama,11463.0,13578.0,464.0,417,0.0,0.0,0.0,25922.0,2018
201812,2018-12,Alaska,2956.0,3278.0,312.0,155,26.0,28.0,0.0,6701.0,2018
201812,2018-12,Arizona,15533.0,11436.0,1451.0,874,73.0,8.0,2.0,29294.0,2018
201812,2018-12,Arkansas,8138.0,11736.0,369.0,398,0.0,0.0,0.0,20641.0,2018
201812,2018-12,California,40445.0,34180.0,3808.0,0,0.0,0.0,0.0,78433.0,2018
201812,2018-12,Colorado,22627.0,18734.0,1874.0,1343,286.0,44.0,0.0,44578.0,2018
201812,2018-12,Connecticut,5904.0,2506.0,947.0,0,0.0,0.0,0.0,9357.0,2018
201812,2018-12,Delaware,1932.0,2503.0,169.0,83,34.0,0.0,0.0,4687.0,2018
201812,2018-12,District of Columbia,71.0,4.0,0.0,1,0.0,0.0,0.0,76.0,2018
201812,2018-12,Florida,60210.0,30598.0,4131.0,2584,642.0,83.0,2.0,97523.0,2018
201812,2018-12,Georgia,19241.0,18475.0,842.0,809,3.0,0.0,0.0,39367.0,2018
201812,2018-12,Guam,126.0,62.0,13.0,4,0.0,0.0,0.0,205.0,2018
201812,2018-12,Hawaii,0.0,0.0,0.0,0,0.0,1.0,0.0,0.0,2018
201812,2018-12,Idaho,5667.0,6949.0,442.0,278,38.0,6.0,0.0,13336.0,2018
201812,2018-12,Illinois,26943.0,15297.0,0.0,981,0.0,0.0,0.0,43221.0,2018
201812,2018-12,Indiana,24824.0,18824.0,2088.0,995,13.0,2.0,0.0,46731.0,2018
201812,2018-12,Iowa,262.0,4392.0,70.0,7,18.0,6.0,0.0,4731.0,2018
201812,2018-12,Kansas,7418.0,8702.0,695.0,440,31.0,6.0,1.0,17255.0,2018
201812,2018-12,Kentucky,14189.0,14309.0,581.0,618,3.0,3.0,0.0,29697.0,2018
201812,2018-12,Louisiana,13856.0,17376.0,910.0,771,0.0,0.0,0.0,32913.0,2018
201812,2018-12,Maine,3783.0,4282.0,377.0,226,21.0,6.0,0.0,8668.0,2018
201812,2018-12,Mariana Islands,3.0,7.0,0.0,0,0.0,0.0,0.0,10.0,2018
201812,2018-12,Maryland,4500.0,7309.0,102.0,48,53.0,21.0,0.0,11959.0,2018
201812,2018-12,Massachusetts,4492.0,3178.0,558.0,156,0.0,0.0,0.0,8384.0,2018
201812,2018-12,Michigan,12897.0,13972.0,901.0,257,94.0,13.0,0.0,28027.0,2018
201812,2018-12,Minnesota,9144.0,11057.0,1032.0,430,32.0,5.0,0.0,21663.0,2018
201812,2018-12,Mississippi,11557.0,14731.0,469.0,543,0.0,0.0,0.0,27300.0,2018
201812,2018-12,Missouri,24730.0,23584.0,2058.0,1305,238.0,34.0,3.0,51677.0,2018
201812,2018-12,Montana,3744.0,5291.0,286.0,236,20.0,11.0,4.0,9557.0,2018
201812,2018-12,Nebraska,160.0,3331.0,33.0,10,2.0,4.0,2.0,3534.0,2018
201812,2018-12,Nevada,5889.0,3993.0,429.0,308,0.0,0.0,0.0,10619.0,2018
201812,2018-12,New Hampshire,5845.0,3977.0,175.0,1,40.0,4.0,2.0,9998.0,2018
201812,2018-12,New Jersey,3432.0,4099.0,128.0,0,0.0,0.0,0.0,7659.0,2018
201812,2018-12,New Mexico,6858.0,6580.0,695.0,335,32.0,0.0,0.0,14468.0,2018
201812,2018-12,New York,9675.0,19234.0,1733.0,249,14.0,39.0,1.0,30891.0,2018
201812,2018-12,North Carolina,2367.0,22327.0,1265.0,239,0.0,0.0,0.0,26198.0,2018
201812,2018-12,North Dakota,1853.0,3144.0,132.0,100,0.0,0.0,0.0,5229.0,2018
201812,2018-12,Ohio,30746.0,25012.0,1863.0,1227,45.0,8.0,0.0,58848.0,2018
201812,2018-12,Oklahoma,15708.0,16053.0,1492.0,1128,0.0,0.0,0.0,34381.0,2018
201812,2018-12,Oregon,16985.0,14374.0,0.0,5,139.0,46.0,0.0,31364.0,2018
201812,2018-12,Pennsylvania,54857.0,20732.0,18.0,0,527.0,100.0,1.0,75607.0,2018
201812,2018-12,Puerto Rico,2026.0,215.0,113.0,24,0.0,0.0,0.0,2378.0,2018
201812,2018-12,Rhode Island,1069.0,770.0,99.0,162,21.0,52.0,1.0,2100.0,2018
201812,2018-12,South Carolina,13465.0,11856.0,1084.0,525,96.0,14.0,3.0,26930.0,2018
201812,2018-12,South Dakota,2913.0,4497.0,215.0,188,0.0,0.0,0.0,7813.0,2018
201812,2018-12,Tennessee,34499.0,26987.0,1847.0,0,48.0,6.0,3.0,63333.0,2018
201812,2018-12,Texas,62560.0,56919.0,4482.0,3138,27.0,3.0,0.0,127099.0,2018
201812,2018-12,Utah,5369.0,7214.0,477.0,0,120.0,36.0,23.0,13060.0,2018
201812,2018-12,Vermont,1620.0,1871.0,142.0,79,0.0,0.0,0.0,3712.0,2018
201812,2018-12,Virgin Islands,27.0,4.0,1.0,3,0.0,0.0,0.0,35.0,2018
201812,2018-12,Virginia,26129.0,22048.0,3524.0,0,64.0,14.0,0.0,51701.0,2018
201812,2018-12,Washington,23131.0,20690.0,5796.0,1342,417.0,89.0,10.0,50959.0,2018
201812,2018-12,West Virginia,9693.0,10824.0,464.0,503,11.0,3.0,0.0,21484.0,2018
201812,2018-12,Wisconsin,16181.0,14362.0,1363.0,54,82.0,22.0,1.0,31960.0,2018
201812,2018-12,Wyoming,2653.0,3033.0,166.0,144,0.0,0.0,0.0,5996.0,2018
201811,2018-11,Alabama,8408.0,10303.0,357.0,1153,0.0,0.0,0.0,20221.0,2018
201811,2018-11,Alaska,2707.0,2827.0,360.0,197,35.0,27.0,0.0,6091.0,2018
201811,2018-11,Arizona,12412.0,8886.0,1139.0,879,81.0,4.0,0.0,23316.0,2018
201811,2018-11,Arkansas,5739.0,10196.0,300.0,914,0.0,0.0,0.0,17149.0,2018
201811,2018-11,California,36997.0,30913.0,3606.0,0,0.0,0.0,0.0,71516.0,2018
201811,2018-11,Colorado,18926.0,15702.0,1547.0,1238,280.0,70.0,1.0,37413.0,2018
201811,2018-11,Connecticut,5078.0,2331.0,863.0,0,0.0,0.0,0.0,8272.0,2018
201811,2018-11,Delaware,1578.0,2082.0,124.0,73,35.0,0.0,0.0,3857.0,2018
201811,2018-11,District of Columbia,80.0,3.0,0.0,0,0.0,0.0,0.0,83.0,2018
201811,2018-11,Florida,51850.0,23876.0,3502.0,3545,763.0,73.0,9.0,82773.0,2018
201811,2018-11,Georgia,13770.0,13749.0,654.0,1466,1.0,0.0,0.0,29639.0,2018
201811,2018-11,Guam,120.0,49.0,15.0,6,0.0,0.0,0.0,190.0,2018
201811,2018-11,Hawaii,0.0,0.0,0.0,0,2.0,0.0,0.0,0.0,2018
201811,2018-11,Idaho,4077.0,5851.0,422.0,254,40.0,9.0,1.0,10604.0,2018
201811,2018-11,Illinois,22978.0,14038.0,0.0,1130,0.0,0.0,0.0,38146.0,2018
201811,2018-11,Indiana,20522.0,18723.0,1533.0,996,27.0,2.0,0.0,41774.0,2018
201811,2018-11,Iowa,303.0,4319.0,36.0,7,26.0,15.0,0.0,4665.0,2018
201811,2018-11,Kansas,5885.0,7334.0,459.0,765,23.0,8.0,1.0,14443.0,2018
201811,2018-11,Kentucky,10506.0,12670.0,437.0,888,14.0,11.0,0.0,24501.0,2018
201811,2018-11,Louisiana,10242.0,14336.0,788.0,2278,0.0,0.0,0.0,27644.0,2018
201811,2018-11,Maine,2661.0,3768.0,313.0,210,8.0,5.0,0.0,6952.0,2018
201811,2018-11,Mariana Islands,5.0,7.0,0.0,0,0.0,0.0,0.0,12.0,2018
201811,2018-11,Maryland,3979.0,7150.0,137.0,40,71.0,20.0,0.0,11306.0,2018
201811,2018-11,Massachusetts,4334.0,3194.0,532.0,178,0.0,0.0,0.0,8238.0,2018
201811,2018-11,Michigan,11474.0,17534.0,596.0,210,73.0,21.0,1.0,29814.0,2018
201811,2018-11,Minnesota,6691.0,10900.0,704.0,291,23.0,12.0,1.0,18586.0,2018
201811,2018-11,Mississippi,7650.0,11816.0,379.0,1352,3.0,1.0,0.0,21197.0,2018
201811,2018-11,Missouri,19158.0,21908.0,1551.0,2158,180.0,26.0,2.0,44775.0,2018
201811,2018-11,Montana,2727.0,4603.0,274.0,251,29.0,13.0,0.0,7855.0,2018
201811,2018-11,Nebraska,198.0,2964.0,32.0,7,7.0,2.0,0.0,3201.0,2018
201811,2018-11,Nevada,4806.0,3132.0,349.0,270,0.0,0.0,0.0,8557.0,2018
201811,2018-11,New Hampshire,5051.0,3514.0,95.0,0,61.0,5.0,2.0,8660.0,2018
201811,2018-11,New Jersey,3297.0,3769.0,150.0,0,0.0,0.0,0.0,7216.0,2018
201811,2018-11,New Mexico,5731.0,5331.0,604.0,536,41.0,0.0,0.0,12202.0,2018
201811,2018-11,New York,8290.0,18315.0,1436.0,228,16.0,55.0,1.0,28269.0,2018
201811,2018-11,North Carolina,2159.0,18381.0,927.0,288,0.0,0.0,0.0,21755.0,2018
201811,2018-11,North Dakota,1655.0,3274.0,147.0,115,0.0,0.0,0.0,5191.0,2018
201811,2018-11,Ohio,25372.0,26274.0,1615.0,1241,40.0,22.0,1.0,54502.0,2018
201811,2018-11,Oklahoma,12669.0,14074.0,1240.0,1915,0.0,0.0,0.0,29898.0,2018
201811,2018-11,Oregon,14426.0,12344.0,0.0,5,118.0,49.0,1.0,26775.0,2018
201811,2018-11,Pennsylvania,49328.0,20463.0,24.0,0,625.0,121.0,0.0,69815.0,2018
201811,2018-11,Puerto Rico,2611.0,227.0,130.0,30,0.0,0.0,0.0,2998.0,2018
201811,2018-11,Rhode Island,1020.0,727.0,121.0,166,23.0,35.0,7.0,2034.0,2018
201811,2018-11,South Carolina,10229.0,9329.0,891.0,946,113.0,15.0,0.0,21395.0,2018
201811,2018-11,South Dakota,2637.0,4907.0,216.0,166,0.0,0.0,0.0,7926.0,2018
201811,2018-11,Tennessee,27015.0,22267.0,2998.0,0,51.0,8.0,0.0,52280.0,2018
201811,2018-11,Texas,44763.0,43276.0,3437.0,9604,51.0,3.0,0.0,101080.0,2018
201811,2018-11,Utah,3989.0,5599.0,325.0,0,183.0,53.0,34.0,9913.0,2018
201811,2018-11,Vermont,1094.0,1690.0,120.0,54,0.0,0.0,0.0,2958.0,2018
201811,2018-11,Virgin Islands,42.0,6.0,0.0,3,0.0,0.0,0.0,51.0,2018
201811,2018-11,Virginia,22204.0,19747.0,3138.0,0,36.0,11.0,0.0,45089.0,2018
201811,2018-11,Washington,20113.0,19136.0,5557.0,1389,509.0,133.0,16.0,46195.0,2018
201811,2018-11,West Virginia,6450.0,10648.0,330.0,424,16.0,0.0,0.0,17852.0,2018
201811,2018-11,Wisconsin,14769.0,17342.0,939.0,41,87.0,40.0,1.0,33091.0,2018
201811,2018-11,Wyoming,1933.0,2532.0,144.0,121,0.0,0.0,0.0,4730.0,2018
201810,2018-10,Alabama,5218.0,5918.0,229.0,279,0.0,0.0,0.0,11644.0,2018
201810,2018-10,Alaska,3034.0,3245.0,327.0,286,43.0,40.0,0.0,6892.0,2018
201810,2018-10,Arizona,9886.0,6427.0,980.0,594,133.0,11.0,0.0,17887.0,2018
201810,2018-10,Arkansas,4312.0,6792.0,220.0,347,0.0,0.0,0.0,11671.0,2018
201810,2018-10,California,32567.0,23213.0,2738.0,0,0.0,0.0,0.0,58518.0,2018
201810,2018-10,Colorado,15101.0,13079.0,1111.0,935,303.0,53.0,0.0,30226.0,2018
201810,2018-10,Connecticut,4575.0,1979.0,635.0,0,0.0,0.0,0.0,7189.0,2018
201810,2018-10,Delaware,1420.0,1512.0,92.0,98,49.0,0.0,0.0,3122.0,2018
201810,2018-10,District of Columbia,81.0,5.0,0.0,0,0.0,0.0,0.0,86.0,2018
201810,2018-10,Florida,40226.0,16671.0,2912.0,2018,774.0,94.0,3.0,61827.0,2018
201810,2018-10,Georgia,10007.0,8856.0,444.0,526,2.0,0.0,0.0,19833.0,2018
201810,2018-10,Guam,120.0,41.0,8.0,10,0.0,0.0,0.0,179.0,2018
201810,2018-10,Hawaii,0.0,0.0,0.0,0,0.0,3.0,0.0,0.0,2018
201810,2018-10,Idaho,3034.0,5025.0,255.0,194,46.0,6.0,0.0,8508.0,2018
201810,2018-10,Illinois,17916.0,10755.0,0.0,776,0.0,0.0,0.0,29447.0,2018
201810,2018-10,Indiana,15032.0,12352.0,1151.0,719,58.0,5.0,0.0,29254.0,2018
201810,2018-10,Iowa,173.0,2700.0,23.0,1,27.0,10.0,1.0,2897.0,2018
201810,2018-10,Kansas,4223.0,4884.0,428.0,300,37.0,6.0,1.0,9835.0,2018
201810,2018-10,Kentucky,7065.0,8001.0,360.0,523,4.0,3.0,0.0,15949.0,2018
201810,2018-10,Louisiana,8073.0,10567.0,591.0,537,0.0,0.0,0.0,19768.0,2018
201810,2018-10,Maine,2565.0,5428.0,251.0,182,19.0,6.0,3.0,8426.0,2018
201810,2018-10,Mariana Islands,5.0,7.0,1.0,1,0.0,0.0,0.0,14.0,2018
201810,2018-10,Maryland,4020.0,5112.0,124.0,29,82.0,32.0,0.0,9285.0,2018
201810,2018-10,Massachusetts,3750.0,2632.0,446.0,151,1.0,4.0,0.0,6979.0,2018
201810,2018-10,Michigan,8259.0,11649.0,508.0,171,122.0,18.0,0.0,20587.0,2018
201810,2018-10,Minnesota,5041.0,14232.0,517.0,350,39.0,24.0,1.0,20140.0,2018
201810,2018-10,Mississippi,6049.0,6638.0,324.0,350,0.0,1.0,0.0,13361.0,2018
201810,2018-10,Missouri,15963.0,17163.0,1320.0,1126,196.0,26.0,1.0,35572.0,2018
201810,2018-10,Montana,2293.0,5246.0,189.0,248,20.0,8.0,2.0,7976.0,2018
201810,2018-10,Nebraska,119.0,2172.0,16.0,2,9.0,0.0,0.0,2309.0,2018
201810,2018-10,Nevada,3731.0,2051.0,272.0,200,0.0,0.0,0.0,6254.0,2018
201810,2018-10,New Hampshire,4238.0,3494.0,35.0,1,101.0,6.0,4.0,7768.0,2018
201810,2018-10,New Jersey,3710.0,2806.0,158.0,0,0.0,0.0,0.0,6674.0,2018
201810,2018-10,New Mexico,4655.0,3993.0,458.0,259,95.0,0.0,0.0,9365.0,2018
201810,2018-10,New York,8258.0,16163.0,1010.0,201,29.0,67.0,2.0,25632.0,2018
201810,2018-10,North Carolina,1392.0,12065.0,724.0,220,0.0,0.0,0.0,14401.0,2018
201810,2018-10,North Dakota,1487.0,3700.0,113.0,85,0.0,0.0,0.0,5385.0,2018
201810,2018-10,Ohio,18401.0,15830.0,1139.0,996,59.0,13.0,1.0,36366.0,2018
201810,2018-10,Oklahoma,8849.0,8803.0,919.0,996,0.0,0.0,0.0,19567.0,2018
201810,2018-10,Oregon,11776.0,10088.0,0.0,6,162.0,69.0,0.0,21870.0,2018
201810,2018-10,Pennsylvania,41412.0,14583.0,27.0,0,674.0,152.0,0.0,56022.0,2018
201810,2018-10,Puerto Rico,2419.0,193.0,94.0,34,0.0,0.0,0.0,2740.0,2018
201810,2018-10,Rhode Island,947.0,646.0,79.0,163,8.0,33.0,5.0,1835.0,2018
201810,2018-10,South Carolina,7002.0,6023.0,596.0,352,123.0,10.0,0.0,13973.0,2018
201810,2018-10,South Dakota,1882.0,5208.0,154.0,145,0.0,0.0,0.0,7389.0,2018
201810,2018-10,Tennessee,20286.0,13725.0,1303.0,0,61.0,10.0,2.0,35314.0,2018
201810,2018-10,Texas,34646.0,31100.0,2972.0,2239,47.0,2.0,0.0,70957.0,2018
201810,2018-10,Utah,2615.0,3619.0,269.0,0,166.0,54.0,26.0,6503.0,2018
201810,2018-10,Vermont,1100.0,1948.0,107.0,53,0.0,0.0,0.0,3208.0,2018
201810,2018-10,Virgin Islands,39.0,3.0,0.0,0,0.0,0.0,0.0,42.0,2018
201810,2018-10,Virginia,17662.0,13511.0,2438.0,0,30.0,3.0,0.0,33611.0,2018
201810,2018-10,Washington,14925.0,11932.0,2387.0,775,528.0,138.0,12.0,30019.0,2018
201810,2018-10,West Virginia,5250.0,6998.0,292.0,380,16.0,1.0,3.0,12920.0,2018
201810,2018-10,Wisconsin,11766.0,14833.0,801.0,47,84.0,31.0,4.0,27447.0,2018
201810,2018-10,Wyoming,1442.0,2172.0,102.0,115,0.0,0.0,0.0,3831.0,2018
201809,2018-09,Alabama,4978.0,5832.0,241.0,271,0.0,0.0,0.0,11322.0,2018
201809,2018-09,Alaska,2105.0,2554.0,225.0,165,46.0,44.0,0.0,5049.0,2018
201809,2018-09,Arizona,10298.0,6638.0,1096.0,654,117.0,9.0,0.0,18686.0,2018
201809,2018-09,Arkansas,3987.0,5257.0,247.0,320,0.0,0.0,0.0,9811.0,2018
201809,2018-09,California,29772.0,23788.0,2977.0,0,0.0,0.0,0.0,56537.0,2018
201809,2018-09,Colorado,14546.0,12061.0,1022.0,933,250.0,42.0,0.0,28562.0,2018
201809,2018-09,Connecticut,4151.0,1782.0,499.0,0,1.0,0.0,0.0,6432.0,2018
201809,2018-09,Delaware,1187.0,1225.0,73.0,53,43.0,0.0,0.0,2538.0,2018
201809,2018-09,District of Columbia,78.0,4.0,0.0,1,0.0,1.0,0.0,83.0,2018
201809,2018-09,Florida,38313.0,14646.0,2945.0,1734,670.0,102.0,0.0,57638.0,2018
201809,2018-09,Georgia,10387.0,7060.0,476.0,455,1.0,0.0,0.0,18378.0,2018
201809,2018-09,Guam,77.0,24.0,11.0,7,0.0,0.0,0.0,119.0,2018
201809,2018-09,Hawaii,0.0,0.0,0.0,0,0.0,3.0,0.0,0.0,2018
201809,2018-09,Idaho,3217.0,4776.0,212.0,211,48.0,12.0,0.0,8416.0,2018
201809,2018-09,Illinois,16749.0,9393.0,0.0,719,0.0,0.0,0.0,26861.0,2018
201809,2018-09,Indiana,13687.0,10201.0,1068.0,610,47.0,4.0,0.0,25566.0,2018
201809,2018-09,Iowa,132.0,2391.0,33.0,2,18.0,5.0,1.0,2558.0,2018
201809,2018-09,Kansas,4043.0,4326.0,421.0,279,32.0,6.0,1.0,9069.0,2018
201809,2018-09,Kentucky,6603.0,6014.0,300.0,448,8.0,5.0,0.0,13365.0,2018
201809,2018-09,Louisiana,8654.0,9546.0,699.0,607,0.0,0.0,0.0,19506.0,2018
201809,2018-09,Maine,2678.0,4102.0,184.0,188,11.0,8.0,0.0,7152.0,2018
201809,2018-09,Mariana Islands,4.0,2.0,2.0,0,0.0,0.0,0.0,8.0,2018
201809,2018-09,Maryland,3413.0,4397.0,100.0,29,62.0,26.0,0.0,7939.0,2018
201809,2018-09,Massachusetts,3518.0,2407.0,393.0,166,2.0,0.0,1.0,6484.0,2018
201809,2018-09,Michigan,7630.0,9887.0,446.0,155,102.0,17.0,1.0,18118.0,2018
201809,2018-09,Minnesota,3801.0,10997.0,359.0,217,34.0,7.0,0.0,15374.0,2018
201809,2018-09,Mississippi,6470.0,6042.0,330.0,331,13.0,0.0,0.0,13173.0,2018
201809,2018-09,Missouri,15226.0,12816.0,1270.0,998,191.0,27.0,2.0,30310.0,2018
201809,2018-09,Montana,2326.0,4565.0,176.0,276,27.0,11.0,0.0,7343.0,2018
201809,2018-09,Nebraska,83.0,1547.0,17.0,3,10.0,4.0,0.0,1650.0,2018
201809,2018-09,Nevada,3714.0,2111.0,284.0,224,0.0,0.0,0.0,6333.0,2018
201809,2018-09,New Hampshire,4150.0,3161.0,163.0,4,78.0,7.0,1.0,7478.0,2018
201809,2018-09,New Jersey,3511.0,2480.0,147.0,0,0.0,0.0,0.0,6138.0,2018
201809,2018-09,New Mexico,4596.0,3985.0,437.0,259,45.0,0.0,0.0,9277.0,2018
201809,2018-09,New York,7755.0,15014.0,1017.0,184,29.0,56.0,0.0,23970.0,2018
201809,2018-09,North Carolina,958.0,8836.0,700.0,178,0.0,0.0,0.0,10672.0,2018
201809,2018-09,North Dakota,1336.0,3135.0,100.0,64,0.0,0.0,0.0,4635.0,2018
201809,2018-09,Ohio,17460.0,13312.0,1110.0,868,46.0,6.0,3.0,32750.0,2018
201809,2018-09,Oklahoma,8158.0,7776.0,921.0,826,0.0,0.0,0.0,17681.0,2018
201809,2018-09,Oregon,11763.0,10604.0,0.0,7,107.0,61.0,0.0,22374.0,2018
201809,2018-09,Pennsylvania,36793.0,12563.0,36.0,0,500.0,126.0,0.0,49392.0,2018
201809,2018-09,Puerto Rico,2155.0,197.0,97.0,23,0.0,0.0,0.0,2472.0,2018
201809,2018-09,Rhode Island,738.0,562.0,111.0,160,7.0,15.0,6.0,1571.0,2018
201809,2018-09,South Carolina,6680.0,4748.0,501.0,288,60.0,10.0,1.0,12217.0,2018
201809,2018-09,South Dakota,1975.0,3564.0,184.0,146,0.0,0.0,0.0,5869.0,2018
201809,2018-09,Tennessee,18721.0,11942.0,1167.0,0,42.0,6.0,1.0,31830.0,2018
201809,2018-09,Texas,33746.0,33087.0,2907.0,2167,37.0,3.0,0.0,71907.0,2018
201809,2018-09,Utah,2678.0,3400.0,274.0,0,158.0,48.0,23.0,6352.0,2018
201809,2018-09,Vermont,1486.0,1853.0,114.0,120,0.0,0.0,0.0,3573.0,2018
201809,2018-09,Virgin Islands,21.0,1.0,0.0,0,0.0,0.0,0.0,22.0,2018
201809,2018-09,Virginia,16923.0,12040.0,2448.0,0,30.0,0.0,0.0,31411.0,2018
201809,2018-09,Washington,13517.0,11021.0,1953.0,575,441.0,103.0,6.0,27066.0,2018
201809,2018-09,West Virginia,4914.0,5918.0,248.0,324,17.0,0.0,0.0,11404.0,2018
201809,2018-09,Wisconsin,11254.0,12707.0,762.0,50,75.0,22.0,1.0,24773.0,2018
201809,2018-09,Wyoming,1545.0,2235.0,121.0,111,0.0,0.0,0.0,4012.0,2018
201808,2018-08,Alabama,5991.0,5741.0,218.0,274,0.0,0.0,0.0,12224.0,2018
201808,2018-08,Alaska,2593.0,3057.0,220.0,181,54.0,43.0,0.0,6051.0,2018
201808,2018-08,Arizona,10833.0,6987.0,887.0,693,160.0,20.0,1.0,19400.0,2018
201808,2018-08,Arkansas,4809.0,5590.0,226.0,342,0.0,0.0,0.0,10967.0,2018
201808,2018-08,California,34617.0,25666.0,3117.0,0,0.0,0.0,0.0,63400.0,2018
201808,2018-08,Colorado,16160.0,12392.0,1062.0,971,287.0,44.0,2.0,30585.0,2018
201808,2018-08,Connecticut,4519.0,1690.0,605.0,0,0.0,0.0,0.0,6814.0,2018
201808,2018-08,Delaware,1262.0,1162.0,85.0,58,43.0,0.0,0.0,2567.0,2018
201808,2018-08,District of Columbia,91.0,1.0,0.0,2,0.0,0.0,0.0,94.0,2018
201808,2018-08,Florida,44227.0,15734.0,3176.0,1935,810.0,91.0,3.0,65072.0,2018
201808,2018-08,Georgia,10894.0,7419.0,431.0,486,0.0,0.0,0.0,19230.0,2018
201808,2018-08,Guam,84.0,37.0,9.0,3,0.0,0.0,0.0,133.0,2018
201808,2018-08,Hawaii,0.0,0.0,0.0,0,0.0,4.0,0.0,0.0,2018
201808,2018-08,Idaho,3374.0,3899.0,254.0,185,38.0,6.0,0.0,7712.0,2018
201808,2018-08,Illinois,17992.0,9858.0,0.0,665,0.0,0.0,0.0,28515.0,2018
201808,2018-08,Indiana,15764.0,10339.0,1252.0,698,39.0,3.0,0.0,28053.0,2018
201808,2018-08,Iowa,160.0,1935.0,18.0,6,17.0,8.0,1.0,2119.0,2018
201808,2018-08,Kansas,4500.0,4505.0,365.0,299,33.0,3.0,0.0,9669.0,2018
201808,2018-08,Kentucky,7250.0,6241.0,306.0,490,4.0,0.0,0.0,14287.0,2018
201808,2018-08,Louisiana,9103.0,8745.0,693.0,619,0.0,0.0,0.0,19160.0,2018
201808,2018-08,Maine,2835.0,2946.0,236.0,138,17.0,10.0,0.0,6155.0,2018
201808,2018-08,Mariana Islands,6.0,7.0,0.0,0,0.0,0.0,0.0,13.0,2018
201808,2018-08,Maryland,4148.0,4001.0,103.0,34,54.0,24.0,0.0,8286.0,2018
201808,2018-08,Massachusetts,4322.0,2396.0,428.0,221,0.0,1.0,0.0,7367.0,2018
201808,2018-08,Michigan,8110.0,7973.0,440.0,156,95.0,16.0,0.0,16679.0,2018
201808,2018-08,Minnesota,3773.0,8142.0,312.0,189,22.0,12.0,0.0,12416.0,2018
201808,2018-08,Mississippi,7489.0,6695.0,320.0,394,7.0,1.0,0.0,14898.0,2018
201808,2018-08,Missouri,16706.0,13657.0,1371.0,1004,253.0,24.0,5.0,32738.0,2018
201808,2018-08,Montana,2617.0,3805.0,162.0,218,34.0,8.0,2.0,6802.0,2018
201808,2018-08,Nebraska,95.0,1493.0,16.0,7,8.0,2.0,0.0,1611.0,2018
201808,2018-08,Nevada,4164.0,2137.0,271.0,198,0.0,1.0,0.0,6770.0,2018
201808,2018-08,New Hampshire,4382.0,2960.0,139.0,1,59.0,3.0,3.0,7482.0,2018
201808,2018-08,New Jersey,4069.0,2968.0,179.0,0,0.0,0.0,0.0,7216.0,2018
201808,2018-08,New Mexico,5303.0,4077.0,421.0,293,60.0,0.0,0.0,10094.0,2018
201808,2018-08,New York,8314.0,11362.0,970.0,193,29.0,49.0,1.0,20839.0,2018
201808,2018-08,North Carolina,1180.0,10190.0,738.0,217,0.0,0.0,0.0,12325.0,2018
201808,2018-08,North Dakota,1284.0,2475.0,102.0,79,0.0,0.0,0.0,3940.0,2018
201808,2018-08,Ohio,18482.0,12449.0,1181.0,894,63.0,10.0,5.0,33006.0,2018
201808,2018-08,Oklahoma,9823.0,8558.0,981.0,849,0.0,0.0,0.0,20211.0,2018
201808,2018-08,Oregon,11938.0,8751.0,0.0,10,130.0,51.0,2.0,20699.0,2018
201808,2018-08,Pennsylvania,38142.0,11911.0,48.0,0,590.0,143.0,1.0,50101.0,2018
201808,2018-08,Puerto Rico,2414.0,247.0,90.0,42,0.0,0.0,0.0,2793.0,2018
201808,2018-08,Rhode Island,911.0,589.0,66.0,124,7.0,2.0,7.0,1690.0,2018
201808,2018-08,South Carolina,8135.0,5763.0,513.0,375,93.0,9.0,0.0,14786.0,2018
201808,2018-08,South Dakota,2012.0,3041.0,155.0,139,0.0,0.0,0.0,5347.0,2018
201808,2018-08,Tennessee,20996.0,13165.0,1112.0,0,57.0,9.0,3.0,35273.0,2018
201808,2018-08,Texas,37819.0,35212.0,2934.0,2323,47.0,3.0,0.0,78288.0,2018
201808,2018-08,Utah,2650.0,2996.0,254.0,0,176.0,53.0,26.0,5900.0,2018
201808,2018-08,Vermont,1336.0,1251.0,99.0,75,0.0,0.0,0.0,2761.0,2018
201808,2018-08,Virgin Islands,27.0,2.0,1.0,2,0.0,0.0,0.0,32.0,2018
201808,2018-08,Virginia,18729.0,11694.0,2329.0,0,33.0,0.0,0.0,32752.0,2018
201808,2018-08,Washington,14615.0,9761.0,1874.0,552,464.0,103.0,4.0,26802.0,2018
201808,2018-08,West Virginia,4986.0,4987.0,265.0,375,6.0,2.0,1.0,10613.0,2018
201808,2018-08,Wisconsin,11118.0,10987.0,697.0,41,69.0,41.0,3.0,22843.0,2018
201808,2018-08,Wyoming,1570.0,2059.0,87.0,99,0.0,0.0,0.0,3815.0,2018
201807,2018-07,Alabama,5110.0,4540.0,222.0,222,0.0,0.0,0.0,10094.0,2018
201807,2018-07,Alaska,2391.0,2195.0,180.0,182,57.0,35.0,0.0,4948.0,2018
201807,2018-07,Arizona,10166.0,5848.0,1020.0,618,170.0,15.0,0.0,17652.0,2018
201807,2018-07,Arkansas,4245.0,3625.0,237.0,289,0.0,0.0,0.0,8396.0,2018
201807,2018-07,California,30486.0,21136.0,3054.0,0,0.0,0.0,0.0,54676.0,2018
201807,2018-07,Colorado,15420.0,10239.0,1106.0,901,244.0,59.0,1.0,27666.0,2018
201807,2018-07,Connecticut,4379.0,1611.0,445.0,0,0.0,0.0,0.0,6435.0,2018
201807,2018-07,Delaware,1314.0,950.0,103.0,63,47.0,0.0,0.0,2430.0,2018
201807,2018-07,District of Columbia,88.0,2.0,0.0,0,0.0,0.0,0.0,90.0,2018
201807,2018-07,Florida,42524.0,13468.0,3215.0,1851,725.0,58.0,5.0,61058.0,2018
201807,2018-07,Georgia,9759.0,5232.0,469.0,429,0.0,0.0,0.0,15889.0,2018
201807,2018-07,Guam,93.0,43.0,6.0,3,0.0,0.0,0.0,145.0,2018
201807,2018-07,Hawaii,0.0,0.0,0.0,0,4.0,3.0,0.0,0.0,2018
201807,2018-07,Idaho,3202.0,3160.0,247.0,165,46.0,10.0,0.0,6774.0,2018
201807,2018-07,Illinois,16840.0,7743.0,0.0,678,0.0,0.0,0.0,25261.0,2018
201807,2018-07,Indiana,13914.0,7825.0,1101.0,567,40.0,0.0,3.0,23407.0,2018
201807,2018-07,Iowa,76.0,1469.0,31.0,4,20.0,7.0,2.0,1580.0,2018
201807,2018-07,Kansas,4579.0,3410.0,444.0,254,22.0,5.0,0.0,8687.0,2018
201807,2018-07,Kentucky,6306.0,4537.0,295.0,341,19.0,4.0,0.0,11479.0,2018
201807,2018-07,Louisiana,8596.0,6115.0,665.0,513,0.0,0.0,0.0,15889.0,2018
201807,2018-07,Maine,2542.0,2294.0,222.0,143,12.0,7.0,0.0,5201.0,2018
201807,2018-07,Mariana Islands,5.0,7.0,3.0,0,0.0,0.0,0.0,15.0,2018
201807,2018-07,Maryland,3730.0,3398.0,115.0,36,63.0,19.0,0.0,7279.0,2018
201807,2018-07,Massachusetts,3380.0,1997.0,383.0,126,0.0,0.0,0.0,5886.0,2018
201807,2018-07,Michigan,7846.0,6018.0,457.0,146,54.0,15.0,0.0,14467.0,2018
201807,2018-07,Minnesota,3275.0,5135.0,310.0,160,20.0,13.0,1.0,8880.0,2018
201807,2018-07,Mississippi,5884.0,3568.0,291.0,281,9.0,1.0,0.0,10024.0,2018
201807,2018-07,Missouri,14330.0,10470.0,1187.0,784,199.0,27.0,13.0,26771.0,2018
201807,2018-07,Montana,2421.0,2865.0,192.0,205,22.0,4.0,0.0,5683.0,2018
201807,2018-07,Nebraska,91.0,1090.0,16.0,1,3.0,0.0,0.0,1198.0,2018
201807,2018-07,Nevada,3678.0,1799.0,279.0,206,0.0,0.0,0.0,5962.0,2018
201807,2018-07,New Hampshire,4157.0,2332.0,147.0,1,60.0,3.0,3.0,6637.0,2018
201807,2018-07,New Jersey,4193.0,2486.0,178.0,0,0.0,0.0,0.0,6857.0,2018
201807,2018-07,New Mexico,4795.0,3252.0,423.0,353,30.0,0.0,0.0,8823.0,2018
201807,2018-07,New York,7901.0,8692.0,916.0,163,22.0,40.0,1.0,17672.0,2018
201807,2018-07,North Carolina,1145.0,7771.0,716.0,165,0.0,0.0,0.0,9797.0,2018
201807,2018-07,North Dakota,1079.0,1791.0,99.0,49,0.0,0.0,0.0,3018.0,2018
201807,2018-07,Ohio,16942.0,10255.0,1102.0,778,50.0,6.0,0.0,29077.0,2018
201807,2018-07,Oklahoma,8920.0,6314.0,903.0,763,0.0,0.0,0.0,16900.0,2018
201807,2018-07,Oregon,10543.0,7700.0,0.0,2,104.0,49.0,0.0,18245.0,2018
201807,2018-07,Pennsylvania,33494.0,9738.0,29.0,0,526.0,95.0,0.0,43261.0,2018
201807,2018-07,Puerto Rico,1968.0,139.0,110.0,35,0.0,0.0,0.0,2252.0,2018
201807,2018-07,Rhode Island,799.0,453.0,67.0,109,7.0,0.0,10.0,1428.0,2018
201807,2018-07,South Carolina,6972.0,4037.0,592.0,264,67.0,4.0,3.0,11865.0,2018
201807,2018-07,South Dakota,1678.0,2160.0,165.0,91,0.0,0.0,0.0,4094.0,2018
201807,2018-07,Tennessee,19188.0,9840.0,1071.0,0,58.0,5.0,1.0,30099.0,2018
201807,2018-07,Texas,35363.0,23141.0,2882.0,2001,35.0,7.0,0.0,63387.0,2018
201807,2018-07,Utah,2603.0,2497.0,246.0,0,168.0,47.0,24.0,5346.0,2018
201807,2018-07,Vermont,1156.0,999.0,97.0,45,0.0,0.0,0.0,2297.0,2018
201807,2018-07,Virgin Islands,37.0,2.0,1.0,1,0.0,0.0,0.0,41.0,2018
201807,2018-07,Virginia,18547.0,10039.0,2474.0,0,35.0,8.0,1.0,31060.0,2018
201807,2018-07,Washington,13547.0,8385.0,1695.0,572,425.0,93.0,7.0,24199.0,2018
201807,2018-07,West Virginia,4473.0,3951.0,242.0,293,7.0,0.0,1.0,8959.0,2018
201807,2018-07,Wisconsin,9351.0,7471.0,693.0,36,122.0,20.0,1.0,17551.0,2018
201807,2018-07,Wyoming,1448.0,1559.0,90.0,84,0.0,0.0,0.0,3181.0,2018
201806,2018-06,Alabama,5868.0,4646.0,284.0,514,0.0,0.0,0.0,11312.0,2018
201806,2018-06,Alaska,2788.0,2324.0,224.0,191,56.0,43.0,0.0,5527.0,2018
201806,2018-06,Arizona,10785.0,5965.0,1096.0,584,135.0,10.0,0.0,18430.0,2018
201806,2018-06,Arkansas,4478.0,3528.0,297.0,511,0.0,0.0,0.0,8814.0,2018
201806,2018-06,California,32684.0,23612.0,3921.0,0,0.0,0.0,0.0,60217.0,2018
201806,2018-06,Colorado,15796.0,10351.0,1215.0,964,224.0,64.0,3.0,28326.0,2018
201806,2018-06,Connecticut,4725.0,1673.0,368.0,0,0.0,0.0,0.0,6766.0,2018
201806,2018-06,Delaware,1412.0,1019.0,171.0,71,35.0,0.0,0.0,2673.0,2018
201806,2018-06,District of Columbia,79.0,3.0,0.0,0,0.0,1.0,0.0,82.0,2018
201806,2018-06,Florida,44821.0,14764.0,3586.0,2475,711.0,88.0,2.0,65646.0,2018
201806,2018-06,Georgia,11269.0,5571.0,475.0,881,0.0,0.0,0.0,18196.0,2018
201806,2018-06,Guam,92.0,38.0,12.0,4,0.0,0.0,0.0,146.0,2018
201806,2018-06,Hawaii,0.0,0.0,0.0,0,0.0,2.0,0.0,0.0,2018
201806,2018-06,Idaho,3609.0,3734.0,301.0,240,36.0,9.0,2.0,7884.0,2018
201806,2018-06,Illinois,17755.0,7827.0,0.0,622,0.0,0.0,0.0,26204.0,2018
201806,2018-06,Indiana,15459.0,8455.0,1214.0,664,32.0,3.0,5.0,25792.0,2018
201806,2018-06,Iowa,92.0,1415.0,39.0,1,27.0,4.0,0.0,1547.0,2018
201806,2018-06,Kansas,4344.0,3247.0,438.0,434,18.0,9.0,0.0,8463.0,2018
201806,2018-06,Kentucky,7130.0,4686.0,304.0,523,11.0,9.0,0.0,12643.0,2018
201806,2018-06,Louisiana,9703.0,5683.0,757.0,1311,0.0,0.0,0.0,17454.0,2018
201806,2018-06,Maine,2655.0,2342.0,223.0,163,19.0,1.0,0.0,5383.0,2018
201806,2018-06,Mariana Islands,9.0,7.0,1.0,0,0.0,0.0,0.0,17.0,2018
201806,2018-06,Maryland,4095.0,3608.0,141.0,29,64.0,19.0,0.0,7873.0,2018
201806,2018-06,Massachusetts,3996.0,2249.0,398.0,152,2.0,1.0,1.0,6795.0,2018
201806,2018-06,Michigan,8369.0,6096.0,568.0,168,102.0,44.0,0.0,15201.0,2018
201806,2018-06,Minnesota,3603.0,5075.0,376.0,210,34.0,12.0,1.0,9264.0,2018
201806,2018-06,Mississippi,6446.0,3594.0,285.0,723,0.0,0.0,0.0,11048.0,2018
201806,2018-06,Missouri,15679.0,10488.0,1421.0,1386,200.0,21.0,9.0,28974.0,2018
201806,2018-06,Montana,2592.0,3377.0,194.0,190,25.0,11.0,4.0,6353.0,2018
201806,2018-06,Nebraska,103.0,1089.0,17.0,3,11.0,5.0,0.0,1212.0,2018
201806,2018-06,Nevada,4117.0,2112.0,317.0,223,0.0,0.0,0.0,6769.0,2018
201806,2018-06,New Hampshire,4430.0,2542.0,147.0,11,83.0,3.0,0.0,7130.0,2018
201806,2018-06,New Jersey,4609.0,2626.0,178.0,0,0.0,0.0,0.0,7413.0,2018
201806,2018-06,New Mexico,5109.0,3363.0,471.0,268,50.0,0.0,0.0,9211.0,2018
201806,2018-06,New York,8745.0,9688.0,1028.0,205,37.0,57.0,1.0,19666.0,2018
201806,2018-06,North Carolina,1348.0,8100.0,762.0,199,0.0,0.0,0.0,10409.0,2018
201806,2018-06,North Dakota,1248.0,1778.0,100.0,57,0.0,0.0,0.0,3183.0,2018
201806,2018-06,Ohio,17338.0,10649.0,1163.0,759,55.0,8.0,0.0,29909.0,2018
201806,2018-06,Oklahoma,10295.0,6449.0,971.0,1310,0.0,0.0,0.0,19025.0,2018
201806,2018-06,Oregon,12700.0,8659.0,0.0,3,136.0,62.0,0.0,21362.0,2018
201806,2018-06,Pennsylvania,37280.0,10817.0,29.0,0,503.0,79.0,1.0,48126.0,2018
201806,2018-06,Puerto Rico,2174.0,187.0,109.0,23,0.0,0.0,0.0,2493.0,2018
201806,2018-06,Rhode Island,834.0,582.0,65.0,141,25.0,2.0,7.0,1622.0,2018
201806,2018-06,South Carolina,7950.0,3967.0,612.0,665,84.0,11.0,0.0,13194.0,2018
201806,2018-06,South Dakota,1880.0,2313.0,151.0,121,0.0,0.0,0.0,4465.0,2018
201806,2018-06,Tennessee,20805.0,10399.0,1821.0,0,54.0,9.0,0.0,33025.0,2018
201806,2018-06,Texas,39032.0,24252.0,3160.0,5747,44.0,3.0,0.0,72191.0,2018
201806,2018-06,Utah,2941.0,2704.0,277.0,0,160.0,27.0,24.0,5922.0,2018
201806,2018-06,Vermont,1347.0,1181.0,107.0,74,0.0,0.0,0.0,2709.0,2018
201806,2018-06,Virgin Islands,46.0,4.0,1.0,0,0.0,0.0,0.0,51.0,2018
201806,2018-06,Virginia,17812.0,9865.0,2376.0,0,45.0,6.0,2.0,30053.0,2018
201806,2018-06,Washington,15069.0,9423.0,1865.0,574,411.0,112.0,18.0,26931.0,2018
201806,2018-06,West Virginia,4988.0,4109.0,275.0,302,9.0,0.0,2.0,9674.0,2018
201806,2018-06,Wisconsin,9993.0,7627.0,708.0,47,98.0,11.0,3.0,18375.0,2018
201806,2018-06,Wyoming,1633.0,1660.0,95.0,80,0.0,0.0,0.0,3468.0,2018
201805,2018-05,Alabama,5784.0,5039.0,253.0,214,0.0,0.0,0.0,11290.0,2018
201805,2018-05,Alaska,3363.0,2879.0,283.0,223,33.0,35.0,0.0,6748.0,2018
201805,2018-05,Arizona,11194.0,6241.0,1173.0,652,136.0,7.0,0.0,19260.0,2018
201805,2018-05,Arkansas,4355.0,3442.0,254.0,260,0.0,0.0,0.0,8311.0,2018
201805,2018-05,California,34433.0,24797.0,3995.0,0,0.0,0.0,0.0,63225.0,2018
201805,2018-05,Colorado,16113.0,11143.0,1282.0,1000,290.0,88.0,5.0,29538.0,2018
201805,2018-05,Connecticut,4454.0,1775.0,346.0,0,0.0,0.0,0.0,6575.0,2018
201805,2018-05,Delaware,1422.0,1107.0,175.0,80,39.0,0.0,0.0,2784.0,2018
201805,2018-05,District of Columbia,88.0,2.0,0.0,0,0.0,0.0,0.0,90.0,2018
201805,2018-05,Florida,47755.0,15850.0,3723.0,2086,705.0,82.0,6.0,69414.0,2018
201805,2018-05,Georgia,11159.0,5669.0,496.0,445,0.0,0.0,0.0,17769.0,2018
201805,2018-05,Guam,90.0,46.0,18.0,2,0.0,0.0,0.0,156.0,2018
201805,2018-05,Hawaii,0.0,0.0,0.0,0,0.0,2.0,0.0,0.0,2018
201805,2018-05,Idaho,3387.0,3812.0,302.0,206,46.0,21.0,2.0,7707.0,2018
201805,2018-05,Illinois,18631.0,8397.0,0.0,644,0.0,0.0,0.0,27672.0,2018
201805,2018-05,Indiana,15856.0,8256.0,1296.0,648,45.0,1.0,0.0,26056.0,2018
201805,2018-05,Iowa,95.0,1507.0,36.0,6,21.0,4.0,0.0,1644.0,2018
201805,2018-05,Kansas,4305.0,3307.0,434.0,252,20.0,8.0,2.0,8298.0,2018
201805,2018-05,Kentucky,7620.0,4696.0,344.0,434,13.0,3.0,0.0,13094.0,2018
201805,2018-05,Louisiana,9039.0,5435.0,710.0,494,0.0,0.0,0.0,15678.0,2018
201805,2018-05,Maine,2978.0,2362.0,302.0,188,17.0,4.0,1.0,5830.0,2018
201805,2018-05,Mariana Islands,6.0,6.0,0.0,1,0.0,0.0,0.0,13.0,2018
201805,2018-05,Maryland,4503.0,3961.0,132.0,27,65.0,23.0,1.0,8623.0,2018
201805,2018-05,Massachusetts,4167.0,2351.0,410.0,181,0.0,1.0,0.0,7109.0,2018
201805,2018-05,Michigan,8598.0,6049.0,620.0,183,121.0,15.0,0.0,15450.0,2018
201805,2018-05,Minnesota,4034.0,5435.0,445.0,188,31.0,9.0,3.0,10102.0,2018
201805,2018-05,Mississippi,6653.0,3624.0,315.0,276,0.0,0.0,0.0,10868.0,2018
201805,2018-05,Missouri,15576.0,10536.0,1334.0,770,198.0,40.0,6.0,28216.0,2018
201805,2018-05,Montana,2557.0,3578.0,194.0,219,26.0,1.0,1.0,6548.0,2018
201805,2018-05,Nebraska,111.0,1139.0,20.0,7,6.0,0.0,0.0,1277.0,2018
201805,2018-05,Nevada,4185.0,2209.0,321.0,249,1.0,0.0,0.0,6964.0,2018
201805,2018-05,New Hampshire,4707.0,2524.0,165.0,10,83.0,6.0,0.0,7406.0,2018
201805,2018-05,New Jersey,4983.0,2810.0,244.0,0,0.0,0.0,0.0,8037.0,2018
201805,2018-05,New Mexico,5296.0,3355.0,497.0,268,38.0,0.0,0.0,9416.0,2018
201805,2018-05,New York,8916.0,10491.0,1109.0,215,32.0,35.0,1.0,20731.0,2018
201805,2018-05,North Carolina,1322.0,8298.0,903.0,180,0.0,0.0,0.0,10703.0,2018
201805,2018-05,North Dakota,1327.0,1829.0,97.0,71,0.0,0.0,0.0,3324.0,2018
201805,2018-05,Ohio,18830.0,10891.0,1395.0,756,47.0,5.0,0.0,31872.0,2018
201805,2018-05,Oklahoma,9964.0,6610.0,1135.0,840,0.0,0.0,0.0,18549.0,2018
201805,2018-05,Oregon,13221.0,9111.0,0.0,3,125.0,57.0,1.0,22335.0,2018
201805,2018-05,Pennsylvania,39765.0,10670.0,31.0,0,603.0,86.0,0.0,50466.0,2018
201805,2018-05,Puerto Rico,2187.0,230.0,155.0,28,0.0,0.0,0.0,2600.0,2018
201805,2018-05,Rhode Island,977.0,610.0,90.0,164,7.0,2.0,8.0,1841.0,2018
201805,2018-05,South Carolina,7883.0,3855.0,657.0,414,55.0,13.0,1.0,12809.0,2018
201805,2018-05,South Dakota,1874.0,2351.0,195.0,122,0.0,0.0,0.0,4542.0,2018
201805,2018-05,Tennessee,20549.0,10028.0,1205.0,0,58.0,10.0,0.0,31782.0,2018
201805,2018-05,Texas,37893.0,24419.0,3348.0,2260,59.0,3.0,0.0,67920.0,2018
201805,2018-05,Utah,3202.0,3025.0,317.0,0,162.0,36.0,34.0,6544.0,2018
201805,2018-05,Vermont,1322.0,1241.0,171.0,66,0.0,0.0,0.0,2800.0,2018
201805,2018-05,Virgin Islands,37.0,4.0,1.0,1,0.0,0.0,0.0,43.0,2018
201805,2018-05,Virginia,18493.0,9958.0,2409.0,0,25.0,6.0,0.0,30860.0,2018
201805,2018-05,Washington,15131.0,9417.0,1884.0,636,467.0,106.0,11.0,27068.0,2018
201805,2018-05,West Virginia,5258.0,4037.0,291.0,305,12.0,0.0,5.0,9891.0,2018
201805,2018-05,Wisconsin,10738.0,8239.0,914.0,39,94.0,29.0,3.0,19930.0,2018
201805,2018-05,Wyoming,1734.0,1813.0,134.0,124,1.0,0.0,0.0,3805.0,2018
201804,2018-04,Alabama,6405.0,5267.0,335.0,254,0.0,0.0,0.0,12261.0,2018
201804,2018-04,Alaska,3053.0,3013.0,318.0,246,15.0,16.0,0.0,6630.0,2018
201804,2018-04,Arizona,12889.0,7176.0,1435.0,636,131.0,3.0,1.0,22136.0,2018
201804,2018-04,Arkansas,5129.0,4326.0,315.0,285,0.0,0.0,0.0,10055.0,2018
201804,2018-04,California,37814.0,25571.0,3736.0,0,0.0,0.0,0.0,67121.0,2018
201804,2018-04,Colorado,19015.0,13280.0,1744.0,1211,242.0,50.0,3.0,35250.0,2018
201804,2018-04,Connecticut,4977.0,2151.0,510.0,0,0.0,0.0,0.0,7638.0,2018
201804,2018-04,Delaware,1767.0,1697.0,423.0,125,58.0,0.0,2.0,4012.0,2018
201804,2018-04,District of Columbia,92.0,4.0,1.0,0,0.0,0.0,0.0,97.0,2018
201804,2018-04,Florida,50172.0,18650.0,4446.0,2186,663.0,74.0,6.0,75454.0,2018
201804,2018-04,Georgia,12238.0,6549.0,665.0,477,0.0,0.0,0.0,19929.0,2018
201804,2018-04,Guam,97.0,44.0,10.0,4,0.0,0.0,0.0,155.0,2018
201804,2018-04,Hawaii,0.0,0.0,0.0,0,0.0,6.0,0.0,0.0,2018
201804,2018-04,Idaho,3843.0,4182.0,453.0,209,31.0,14.0,1.0,8687.0,2018
201804,2018-04,Illinois,23977.0,10883.0,0.0,892,0.0,0.0,0.0,35752.0,2018
201804,2018-04,Indiana,19405.0,11491.0,1758.0,750,24.0,1.0,2.0,33404.0,2018
201804,2018-04,Iowa,156.0,2140.0,58.0,1,20.0,9.0,1.0,2355.0,2018
201804,2018-04,Kansas,5457.0,4530.0,654.0,266,13.0,3.0,0.0,10907.0,2018
201804,2018-04,Kentucky,8893.0,6662.0,439.0,488,16.0,9.0,0.0,16482.0,2018
201804,2018-04,Louisiana,9937.0,6304.0,869.0,529,0.0,0.0,0.0,17639.0,2018
201804,2018-04,Maine,3572.0,3580.0,382.0,206,13.0,2.0,1.0,7740.0,2018
201804,2018-04,Mariana Islands,12.0,10.0,0.0,0,0.0,0.0,0.0,22.0,2018
201804,2018-04,Maryland,4867.0,5181.0,167.0,41,74.0,28.0,0.0,10256.0,2018
201804,2018-04,Massachusetts,4619.0,2967.0,525.0,176,1.0,1.0,1.0,8287.0,2018
201804,2018-04,Michigan,11288.0,8635.0,836.0,237,148.0,26.0,0.0,20996.0,2018
201804,2018-04,Minnesota,6258.0,9688.0,744.0,345,16.0,13.0,0.0,17035.0,2018
201804,2018-04,Mississippi,7561.0,4186.0,422.0,339,0.0,0.0,0.0,12508.0,2018
201804,2018-04,Missouri,18537.0,13868.0,1791.0,1134,236.0,51.0,18.0,35330.0,2018
201804,2018-04,Montana,2745.0,4018.0,225.0,230,27.0,6.0,1.0,7218.0,2018
201804,2018-04,Nebraska,111.0,1478.0,27.0,6,6.0,6.0,1.0,1622.0,2018
201804,2018-04,Nevada,4424.0,2689.0,382.0,267,1.0,0.0,0.0,7762.0,2018
201804,2018-04,New Hampshire,5647.0,3465.0,211.0,8,82.0,10.0,1.0,9331.0,2018
201804,2018-04,New Jersey,5170.0,3549.0,239.0,0,0.0,0.0,0.0,8958.0,2018
201804,2018-04,New Mexico,5857.0,4163.0,578.0,295,48.0,0.0,0.0,10893.0,2018
201804,2018-04,New York,10068.0,14667.0,1722.0,242,31.0,64.0,2.0,26699.0,2018
201804,2018-04,North Carolina,1340.0,10138.0,1121.0,187,0.0,0.0,0.0,12786.0,2018
201804,2018-04,North Dakota,1824.0,2622.0,164.0,111,0.0,0.0,0.0,4721.0,2018
201804,2018-04,Ohio,25111.0,15459.0,1971.0,1163,28.0,6.0,0.0,43704.0,2018
201804,2018-04,Oklahoma,11599.0,8386.0,1629.0,851,0.0,0.0,0.0,22465.0,2018
201804,2018-04,Oregon,15089.0,11283.0,0.0,8,137.0,57.0,0.0,26380.0,2018
201804,2018-04,Pennsylvania,47093.0,13434.0,38.0,0,557.0,130.0,0.0,60565.0,2018
201804,2018-04,Puerto Rico,1936.0,178.0,71.0,26,0.0,0.0,0.0,2211.0,2018
201804,2018-04,Rhode Island,1131.0,773.0,159.0,219,6.0,1.0,3.0,2282.0,2018
201804,2018-04,South Carolina,8977.0,4681.0,789.0,669,77.0,5.0,1.0,15116.0,2018
201804,2018-04,South Dakota,2403.0,2994.0,256.0,184,0.0,0.0,0.0,5837.0,2018
201804,2018-04,Tennessee,23325.0,12360.0,1329.0,0,43.0,2.0,1.0,37014.0,2018
201804,2018-04,Texas,41373.0,27019.0,3930.0,2508,72.0,10.0,0.0,74830.0,2018
201804,2018-04,Utah,3667.0,3460.0,442.0,0,212.0,73.0,27.0,7569.0,2018
201804,2018-04,Vermont,2261.0,2290.0,356.0,160,0.0,0.0,0.0,5067.0,2018
201804,2018-04,Virgin Islands,55.0,7.0,0.0,1,0.0,0.0,0.0,63.0,2018
201804,2018-04,Virginia,20638.0,12759.0,3022.0,0,46.0,10.0,2.0,36419.0,2018
201804,2018-04,Washington,17123.0,11153.0,2319.0,654,488.0,115.0,19.0,31249.0,2018
201804,2018-04,West Virginia,6251.0,5479.0,365.0,372,9.0,4.0,1.0,12467.0,2018
201804,2018-04,Wisconsin,14507.0,13478.0,1394.0,45,88.0,25.0,3.0,29424.0,2018
201804,2018-04,Wyoming,1846.0,1929.0,154.0,106,1.0,0.0,0.0,4035.0,2018
201803,2018-03,Alabama,10050.0,7695.0,469.0,418,0.0,0.0,0.0,18632.0,2018
201803,2018-03,Alaska,3080.0,3276.0,458.0,214,25.0,14.0,0.0,7028.0,2018
201803,2018-03,Arizona,16991.0,10611.0,1984.0,923,155.0,7.0,0.0,30509.0,2018
201803,2018-03,Arkansas,8523.0,7017.0,551.0,515,0.0,0.0,0.0,16606.0,2018
201803,2018-03,California,47425.0,32189.0,4802.0,0,0.0,0.0,0.0,84416.0,2018
201803,2018-03,Colorado,24811.0,17741.0,2381.0,1640,298.0,46.0,0.0,46573.0,2018
201803,2018-03,Connecticut,6906.0,2977.0,665.0,0,0.0,0.0,0.0,10548.0,2018
201803,2018-03,Delaware,2385.0,2282.0,527.0,182,58.0,0.0,0.0,5376.0,2018
201803,2018-03,District of Columbia,93.0,3.0,0.0,1,0.0,0.0,0.0,97.0,2018
201803,2018-03,Florida,64230.0,30487.0,6732.0,2808,501.0,62.0,1.0,104257.0,2018
201803,2018-03,Georgia,19849.0,10901.0,959.0,819,0.0,0.0,0.0,32528.0,2018
201803,2018-03,Guam,78.0,50.0,12.0,6,0.0,0.0,0.0,146.0,2018
201803,2018-03,Hawaii,0.0,0.0,0.0,0,1.0,2.0,0.0,0.0,2018
201803,2018-03,Idaho,5386.0,5788.0,611.0,286,45.0,4.0,0.0,12071.0,2018
201803,2018-03,Illinois,32326.0,17008.0,0.0,1352,0.0,0.0,0.0,50686.0,2018
201803,2018-03,Indiana,28224.0,16982.0,2950.0,1166,26.0,1.0,0.0,49322.0,2018
201803,2018-03,Iowa,177.0,3585.0,73.0,3,31.0,8.0,0.0,3838.0,2018
201803,2018-03,Kansas,8400.0,6921.0,965.0,470,23.0,7.0,1.0,16756.0,2018
201803,2018-03,Kentucky,14642.0,10303.0,818.0,727,12.0,8.0,0.0,26490.0,2018
201803,2018-03,Louisiana,13831.0,8906.0,1336.0,747,0.0,0.0,0.0,24820.0,2018
201803,2018-03,Maine,4640.0,3947.0,655.0,247,19.0,5.0,0.0,9489.0,2018
201803,2018-03,Mariana Islands,14.0,7.0,3.0,1,0.0,0.0,0.0,25.0,2018
201803,2018-03,Maryland,6360.0,7182.0,206.0,54,64.0,24.0,0.0,13802.0,2018
201803,2018-03,Massachusetts,6636.0,3974.0,640.0,216,4.0,0.0,0.0,11466.0,2018
201803,2018-03,Michigan,17166.0,12721.0,1305.0,332,97.0,10.0,0.0,31524.0,2018
201803,2018-03,Minnesota,7583.0,11538.0,1040.0,373,21.0,8.0,0.0,20534.0,2018
201803,2018-03,Mississippi,12054.0,7132.0,608.0,507,0.0,0.0,0.0,20301.0,2018
201803,2018-03,Missouri,27559.0,21245.0,3069.0,1566,210.0,27.0,17.0,53439.0,2018
201803,2018-03,Montana,3992.0,5369.0,420.0,332,24.0,4.0,4.0,10113.0,2018
201803,2018-03,Nebraska,162.0,2411.0,50.0,9,11.0,3.0,0.0,2632.0,2018
201803,2018-03,Nevada,6427.0,3625.0,531.0,348,0.0,0.0,0.0,10931.0,2018
201803,2018-03,New Hampshire,7132.0,4245.0,370.0,9,66.0,12.0,2.0,11756.0,2018
201803,2018-03,New Jersey,5178.0,4758.0,259.0,0,0.0,0.0,0.0,10195.0,2018
201803,2018-03,New Mexico,8110.0,6046.0,837.0,560,45.0,0.0,0.0,15553.0,2018
201803,2018-03,New York,11578.0,17006.0,2533.0,305,31.0,59.0,3.0,31422.0,2018
201803,2018-03,North Carolina,1808.0,16114.0,1705.0,284,0.0,0.0,0.0,19911.0,2018
201803,2018-03,North Dakota,2195.0,3201.0,224.0,128,0.0,0.0,0.0,5748.0,2018
201803,2018-03,Ohio,36314.0,24477.0,3483.0,1830,67.0,14.0,0.0,66104.0,2018
201803,2018-03,Oklahoma,15682.0,12018.0,2117.0,1229,0.0,0.0,0.0,31046.0,2018
201803,2018-03,Oregon,19409.0,15464.0,0.0,11,143.0,55.0,6.0,34884.0,2018
201803,2018-03,Pennsylvania,67756.0,19867.0,53.0,0,588.0,110.0,0.0,87676.0,2018
201803,2018-03,Puerto Rico,1718.0,182.0,131.0,30,0.0,0.0,0.0,2061.0,2018
201803,2018-03,Rhode Island,1544.0,1261.0,327.0,327,10.0,3.0,22.0,3459.0,2018
201803,2018-03,South Carolina,13772.0,7673.0,1113.0,500,80.0,13.0,2.0,23058.0,2018
201803,2018-03,South Dakota,3523.0,4408.0,348.0,218,0.0,0.0,0.0,8497.0,2018
201803,2018-03,Tennessee,32501.0,19418.0,1997.0,0,26.0,6.0,9.0,53916.0,2018
201803,2018-03,Texas,60134.0,38853.0,5634.0,3340,65.0,8.0,0.0,107961.0,2018
201803,2018-03,Utah,5277.0,5296.0,601.0,0,153.0,54.0,29.0,11174.0,2018
201803,2018-03,Vermont,2818.0,2713.0,440.0,186,0.0,0.0,0.0,6157.0,2018
201803,2018-03,Virgin Islands,36.0,1.0,0.0,0,0.0,0.0,0.0,37.0,2018
201803,2018-03,Virginia,30568.0,19180.0,4820.0,0,58.0,11.0,1.0,54568.0,2018
201803,2018-03,Washington,22041.0,15774.0,3491.0,845,563.0,136.0,17.0,42151.0,2018
201803,2018-03,West Virginia,9955.0,8325.0,701.0,604,16.0,0.0,3.0,19585.0,2018
201803,2018-03,Wisconsin,19901.0,18290.0,1936.0,61,97.0,28.0,3.0,40188.0,2018
201803,2018-03,Wyoming,2502.0,2536.0,252.0,161,1.0,0.0,0.0,5451.0,2018
201802,2018-02,Alabama,9220.0,7172.0,353.0,490,0.0,0.0,0.0,17235.0,2018
201802,2018-02,Alaska,2279.0,1948.0,268.0,166,17.0,19.0,0.0,4661.0,2018
201802,2018-02,Arizona,14966.0,9058.0,1341.0,934,119.0,6.0,0.0,26299.0,2018
201802,2018-02,Arkansas,7671.0,6405.0,338.0,614,0.0,0.0,0.0,15028.0,2018
201802,2018-02,California,38531.0,24768.0,3940.0,0,0.0,0.0,0.0,67239.0,2018
201802,2018-02,Colorado,20604.0,13985.0,1701.0,1332,220.0,49.0,9.0,37622.0,2018
201802,2018-02,Connecticut,5918.0,2269.0,462.0,0,0.0,0.0,0.0,8649.0,2018
201802,2018-02,Delaware,1852.0,1579.0,187.0,107,90.0,0.0,0.0,3725.0,2018
201802,2018-02,District of Columbia,62.0,3.0,0.0,1,0.0,0.0,0.0,66.0,2018
201802,2018-02,Florida,57435.0,26441.0,4590.0,2539,346.0,74.0,0.0,91005.0,2018
201802,2018-02,Georgia,17618.0,9410.0,616.0,900,0.0,0.0,0.0,28544.0,2018
201802,2018-02,Guam,94.0,33.0,12.0,6,0.0,0.0,0.0,145.0,2018
201802,2018-02,Hawaii,0.0,0.0,0.0,0,3.0,2.0,0.0,0.0,2018
201802,2018-02,Idaho,4196.0,4300.0,396.0,269,23.0,13.0,0.0,9161.0,2018
201802,2018-02,Illinois,25626.0,12938.0,0.0,1243,0.0,0.0,0.0,39807.0,2018
201802,2018-02,Indiana,24019.0,13516.0,2056.0,1018,32.0,0.0,1.0,40609.0,2018
201802,2018-02,Iowa,156.0,2587.0,46.0,8,23.0,4.0,0.0,2797.0,2018
201802,2018-02,Kansas,7467.0,5818.0,638.0,528,13.0,7.0,2.0,14451.0,2018
201802,2018-02,Kentucky,13917.0,9302.0,532.0,1001,12.0,3.0,0.0,24752.0,2018
201802,2018-02,Louisiana,11907.0,7865.0,902.0,785,0.0,0.0,0.0,21459.0,2018
201802,2018-02,Maine,3556.0,2797.0,300.0,222,14.0,8.0,0.0,6875.0,2018
201802,2018-02,Mariana Islands,8.0,9.0,2.0,1,0.0,0.0,0.0,20.0,2018
201802,2018-02,Maryland,4424.0,5496.0,149.0,56,70.0,23.0,0.0,10125.0,2018
201802,2018-02,Massachusetts,5271.0,3035.0,459.0,209,0.0,1.0,0.0,8974.0,2018
201802,2018-02,Michigan,12934.0,9602.0,768.0,285,121.0,21.0,0.0,23589.0,2018
201802,2018-02,Minnesota,5034.0,7148.0,597.0,242,11.0,8.0,1.0,13021.0,2018
201802,2018-02,Mississippi,11031.0,6516.0,359.0,580,0.0,0.0,0.0,18486.0,2018
201802,2018-02,Missouri,23601.0,17167.0,1927.0,1567,206.0,21.0,14.0,44262.0,2018
201802,2018-02,Montana,2834.0,3401.0,258.0,355,54.0,19.0,1.0,6848.0,2018
201802,2018-02,Nebraska,122.0,1973.0,32.0,6,11.0,3.0,0.0,2133.0,2018
201802,2018-02,Nevada,5510.0,2898.0,335.0,267,0.0,0.0,0.0,9010.0,2018
201802,2018-02,New Hampshire,5778.0,3076.0,176.0,5,76.0,1.0,5.0,9035.0,2018
201802,2018-02,New Jersey,4613.0,3646.0,200.0,0,0.0,0.0,0.0,8459.0,2018
201802,2018-02,New Mexico,7244.0,4985.0,545.0,434,38.0,0.0,0.0,13208.0,2018
201802,2018-02,New York,10345.0,13742.0,1603.0,197,27.0,55.0,2.0,25887.0,2018
201802,2018-02,North Carolina,1642.0,13498.0,1104.0,456,0.0,0.0,0.0,16700.0,2018
201802,2018-02,North Dakota,1713.0,2220.0,149.0,74,0.0,0.0,0.0,4156.0,2018
201802,2018-02,Ohio,30691.0,19698.0,2193.0,1799,54.0,12.0,0.0,54381.0,2018
201802,2018-02,Oklahoma,13836.0,10146.0,1508.0,1304,0.0,0.0,0.0,26794.0,2018
201802,2018-02,Oregon,15672.0,11370.0,0.0,11,92.0,47.0,0.0,27053.0,2018
201802,2018-02,Pennsylvania,51425.0,14849.0,34.0,0,497.0,93.0,1.0,66308.0,2018
201802,2018-02,Puerto Rico,1738.0,152.0,139.0,33,0.0,0.0,0.0,2062.0,2018
201802,2018-02,Rhode Island,1272.0,886.0,220.0,209,3.0,1.0,15.0,2587.0,2018
201802,2018-02,South Carolina,12843.0,6512.0,862.0,536,150.0,135.0,0.0,20753.0,2018
201802,2018-02,South Dakota,2844.0,3476.0,232.0,203,0.0,0.0,0.0,6755.0,2018
201802,2018-02,Tennessee,31159.0,16929.0,1818.0,0,37.0,7.0,8.0,49906.0,2018
201802,2018-02,Texas,55634.0,35889.0,4158.0,3712,61.0,5.0,0.0,99393.0,2018
201802,2018-02,Utah,4175.0,4055.0,425.0,0,125.0,38.0,29.0,8655.0,2018
201802,2018-02,Vermont,1876.0,1708.0,160.0,108,0.0,0.0,0.0,3852.0,2018
201802,2018-02,Virgin Islands,30.0,8.0,0.0,0,0.0,0.0,0.0,38.0,2018
201802,2018-02,Virginia,26596.0,15770.0,3483.0,0,45.0,14.0,1.0,45849.0,2018
201802,2018-02,Washington,17287.0,11842.0,2605.0,845,423.0,129.0,9.0,32579.0,2018
201802,2018-02,West Virginia,8193.0,6582.0,424.0,702,6.0,0.0,0.0,15901.0,2018
201802,2018-02,Wisconsin,15379.0,11979.0,1187.0,73,87.0,37.0,2.0,28618.0,2018
201802,2018-02,Wyoming,1851.0,1916.0,142.0,122,0.0,0.0,0.0,4031.0,2018
201801,2018-01,Alabama,5692.0,6199.0,276.0,288,0.0,0.0,0.0,12455.0,2018
201801,2018-01,Alaska,1844.0,1621.0,249.0,137,18.0,15.0,0.0,3851.0,2018
201801,2018-01,Arizona,11659.0,6992.0,1074.0,531,154.0,7.0,0.0,20256.0,2018
201801,2018-01,Arkansas,4935.0,5061.0,232.0,323,0.0,0.0,0.0,10551.0,2018
201801,2018-01,California,37335.0,22919.0,3495.0,0,0.0,0.0,0.0,63749.0,2018
201801,2018-01,Colorado,17498.0,12153.0,1307.0,1070,235.0,42.0,1.0,32028.0,2018
201801,2018-01,Connecticut,5044.0,1829.0,384.0,0,0.0,0.0,0.0,7257.0,2018
201801,2018-01,Delaware,1422.0,1224.0,91.0,60,86.0,0.0,0.0,2797.0,2018
201801,2018-01,District of Columbia,72.0,4.0,0.0,0,0.0,0.0,0.0,76.0,2018
201801,2018-01,Florida,48377.0,20690.0,3299.0,1737,373.0,47.0,2.0,74103.0,2018
201801,2018-01,Georgia,10836.0,7309.0,477.0,441,0.0,0.0,0.0,19063.0,2018
201801,2018-01,Guam,74.0,43.0,11.0,7,0.0,0.0,0.0,135.0,2018
201801,2018-01,Hawaii,0.0,0.0,0.0,0,0.0,3.0,0.0,0.0,2018
201801,2018-01,Idaho,3001.0,3270.0,312.0,163,44.0,18.0,1.0,6746.0,2018
201801,2018-01,Illinois,21821.0,9850.0,0.0,767,0.0,0.0,0.0,32438.0,2018
201801,2018-01,Indiana,17558.0,10258.0,1456.0,691,17.0,1.0,0.0,29963.0,2018
201801,2018-01,Iowa,119.0,2004.0,59.0,3,38.0,16.0,2.0,2185.0,2018
201801,2018-01,Kansas,5249.0,4814.0,537.0,293,19.0,5.0,0.0,10893.0,2018
201801,2018-01,Kentucky,8202.0,5736.0,323.0,394,18.0,6.0,0.0,14655.0,2018
201801,2018-01,Louisiana,8500.0,7747.0,747.0,411,0.0,0.0,0.0,17405.0,2018
201801,2018-01,Maine,2585.0,1926.0,230.0,152,11.0,11.0,0.0,4893.0,2018
201801,2018-01,Mariana Islands,5.0,5.0,0.0,0,0.0,0.0,0.0,10.0,2018
201801,2018-01,Maryland,4632.0,4405.0,155.0,30,53.0,31.0,0.0,9222.0,2018
201801,2018-01,Massachusetts,4554.0,2468.0,421.0,128,0.0,0.0,0.0,7571.0,2018
201801,2018-01,Michigan,8499.0,6395.0,532.0,162,83.0,19.0,0.0,15588.0,2018
201801,2018-01,Minnesota,4279.0,4952.0,484.0,193,17.0,8.0,1.0,9908.0,2018
201801,2018-01,Mississippi,6247.0,5310.0,306.0,269,0.0,0.0,0.0,12132.0,2018
201801,2018-01,Missouri,17240.0,12403.0,1364.0,821,181.0,21.0,10.0,31828.0,2018
201801,2018-01,Montana,1930.0,2749.0,180.0,200,17.0,3.0,0.0,5059.0,2018
201801,2018-01,Nebraska,106.0,1717.0,31.0,3,11.0,2.0,0.0,1857.0,2018
201801,2018-01,Nevada,4280.0,2217.0,303.0,237,0.0,0.0,0.0,7037.0,2018
201801,2018-01,New Hampshire,4277.0,2352.0,138.0,2,53.0,0.0,1.0,6769.0,2018
201801,2018-01,New Jersey,4309.0,3491.0,210.0,0,0.0,0.0,0.0,8010.0,2018
201801,2018-01,New Mexico,4995.0,3801.0,462.0,255,47.0,0.0,0.0,9513.0,2018
201801,2018-01,New York,9091.0,10156.0,1126.0,163,36.0,50.0,2.0,20536.0,2018
201801,2018-01,North Carolina,1271.0,9931.0,855.0,193,0.0,0.0,0.0,12250.0,2018
201801,2018-01,North Dakota,1331.0,1914.0,130.0,67,0.0,0.0,0.0,3442.0,2018
201801,2018-01,Ohio,21340.0,12521.0,1704.0,898,45.0,9.0,0.0,36463.0,2018
201801,2018-01,Oklahoma,9971.0,8351.0,1072.0,810,0.0,0.0,0.0,20204.0,2018
201801,2018-01,Oregon,12689.0,8976.0,0.0,4,126.0,65.0,0.0,21669.0,2018
201801,2018-01,Pennsylvania,37308.0,10242.0,27.0,0,645.0,102.0,1.0,47577.0,2018
201801,2018-01,Puerto Rico,1693.0,168.0,101.0,33,0.0,0.0,0.0,1995.0,2018
201801,2018-01,Rhode Island,1010.0,618.0,64.0,147,4.0,1.0,10.0,1839.0,2018
201801,2018-01,South Carolina,7896.0,5151.0,667.0,302,69.0,4.0,3.0,14016.0,2018
201801,2018-01,South Dakota,2217.0,2799.0,191.0,134,0.0,0.0,0.0,5341.0,2018
201801,2018-01,Tennessee,21023.0,12372.0,1125.0,0,54.0,5.0,14.0,34520.0,2018
201801,2018-01,Texas,40443.0,29960.0,3400.0,2103,53.0,4.0,0.0,75906.0,2018
201801,2018-01,Utah,3181.0,3135.0,316.0,0,165.0,37.0,34.0,6632.0,2018
201801,2018-01,Vermont,1116.0,1000.0,105.0,39,0.0,0.0,0.0,2260.0,2018
201801,2018-01,Virgin Islands,40.0,7.0,0.0,0,0.0,0.0,0.0,47.0,2018
201801,2018-01,Virginia,19443.0,12248.0,2374.0,0,25.0,5.0,0.0,34065.0,2018
201801,2018-01,Washington,16327.0,9811.0,2170.0,623,483.0,113.0,7.0,28931.0,2018
201801,2018-01,West Virginia,5128.0,4452.0,316.0,308,6.0,0.0,1.0,10204.0,2018
201801,2018-01,Wisconsin,10484.0,8337.0,945.0,49,120.0,29.0,1.0,19815.0,2018
201801,2018-01,Wyoming,1460.0,1534.0,138.0,91,0.0,0.0,0.0,3223.0,2018
201712,2017-12,Alabama,12895.0,15765.0,390.0,513,0.0,0.0,0.0,29563.0,2017
201712,2017-12,Alaska,3675.0,3524.0,287.0,174,36.0,30.0,0.0,7660.0,2017
201712,2017-12,Arizona,17566.0,12840.0,1414.0,784,107.0,5.0,0.0,32604.0,2017
201712,2017-12,Arkansas,9189.0,13104.0,347.0,440,0.0,0.0,0.0,23080.0,2017
201712,2017-12,California,47613.0,35240.0,4885.0,0,0.0,0.0,0.0,87738.0,2017
201712,2017-12,Colorado,26649.0,21168.0,1736.0,1285,183.0,42.0,1.0,50838.0,2017
201712,2017-12,Connecticut,6646.0,2630.0,430.0,0,0.0,0.0,0.0,9706.0,2017
201712,2017-12,Delaware,2295.0,2473.0,126.0,106,22.0,0.0,0.0,5000.0,2017
201712,2017-12,District of Columbia,60.0,5.0,0.0,0,0.0,0.0,0.0,65.0,2017
201712,2017-12,Florida,68075.0,37127.0,4067.0,2495,308.0,37.0,2.0,111764.0,2017
201712,2017-12,Georgia,21017.0,20162.0,677.0,736,0.0,0.0,0.0,42592.0,2017
201712,2017-12,Guam,90.0,68.0,18.0,5,0.0,0.0,0.0,181.0,2017
201712,2017-12,Hawaii,0.0,0.0,0.0,0,0.0,1.0,0.0,0.0,2017
201712,2017-12,Idaho,5911.0,7393.0,360.0,262,23.0,16.0,2.0,13926.0,2017
201712,2017-12,Illinois,27956.0,15126.0,0.0,942,0.0,0.0,0.0,44024.0,2017
201712,2017-12,Indiana,26719.0,19906.0,1839.0,939,6.0,0.0,0.0,49403.0,2017
201712,2017-12,Iowa,231.0,4678.0,48.0,7,23.0,3.0,1.0,4964.0,2017
201712,2017-12,Kansas,9164.0,10222.0,597.0,459,15.0,4.0,1.0,20442.0,2017
201712,2017-12,Kentucky,16727.0,16102.0,502.0,654,11.0,9.0,0.0,33985.0,2017
201712,2017-12,Louisiana,15819.0,20448.0,981.0,811,0.0,0.0,0.0,38059.0,2017
201712,2017-12,Maine,3873.0,4336.0,289.0,189,9.0,8.0,0.0,8687.0,2017
201712,2017-12,Mariana Islands,10.0,8.0,2.0,3,0.0,0.0,0.0,23.0,2017
201712,2017-12,Maryland,4611.0,8110.0,253.0,26,45.0,29.0,0.0,13000.0,2017
201712,2017-12,Massachusetts,5954.0,3448.0,432.0,190,0.0,0.0,0.0,10024.0,2017
201712,2017-12,Michigan,13425.0,13836.0,641.0,234,74.0,10.0,0.0,28136.0,2017
201712,2017-12,Minnesota,5940.0,10334.0,596.0,238,16.0,9.0,3.0,17108.0,2017
201712,2017-12,Mississippi,12946.0,16470.0,418.0,558,0.0,0.0,0.0,30392.0,2017
201712,2017-12,Missouri,28561.0,27288.0,2007.0,1273,135.0,25.0,10.0,59129.0,2017
201712,2017-12,Montana,4154.0,6060.0,249.0,248,11.0,3.0,1.0,10711.0,2017
201712,2017-12,Nebraska,197.0,3773.0,32.0,4,7.0,3.0,0.0,4006.0,2017
201712,2017-12,Nevada,6236.0,4188.0,386.0,349,1.0,0.0,0.0,11159.0,2017
201712,2017-12,New Hampshire,5977.0,3690.0,155.0,5,69.0,5.0,0.0,9827.0,2017
201712,2017-12,New Jersey,4039.0,5089.0,213.0,0,0.0,0.0,0.0,9341.0,2017
201712,2017-12,New Mexico,8205.0,7494.0,556.0,378,45.0,0.0,0.0,16633.0,2017
201712,2017-12,New York,10187.0,19662.0,1329.0,226,26.0,50.0,0.0,31404.0,2017
201712,2017-12,North Carolina,2452.0,25060.0,1062.0,264,0.0,0.0,0.0,28838.0,2017
201712,2017-12,North Dakota,2019.0,3285.0,104.0,88,0.0,0.0,0.0,5496.0,2017
201712,2017-12,Ohio,34374.0,27651.0,1773.0,1431,41.0,1.0,0.0,65229.0,2017
201712,2017-12,Oklahoma,17164.0,18071.0,1365.0,1168,0.0,0.0,0.0,37768.0,2017
201712,2017-12,Oregon,18409.0,15342.0,0.0,1,133.0,40.0,0.0,33752.0,2017
201712,2017-12,Pennsylvania,57826.0,19809.0,59.0,0,497.0,141.0,1.0,77694.0,2017
201712,2017-12,Puerto Rico,2291.0,305.0,114.0,40,0.0,0.0,0.0,2750.0,2017
201712,2017-12,Rhode Island,1169.0,790.0,94.0,183,0.0,0.0,9.0,2236.0,2017
201712,2017-12,South Carolina,14549.0,14083.0,900.0,528,52.0,4.0,1.0,30060.0,2017
201712,2017-12,South Dakota,3537.0,5348.0,230.0,230,0.0,0.0,0.0,9345.0,2017
201712,2017-12,Tennessee,37860.0,28825.0,1984.0,0,42.0,8.0,3.0,68669.0,2017
201712,2017-12,Texas,70767.0,66779.0,4312.0,3488,37.0,7.0,1.0,145346.0,2017
201712,2017-12,Utah,6429.0,8577.0,398.0,0,150.0,97.0,30.0,15404.0,2017
201712,2017-12,Vermont,1722.0,1824.0,115.0,85,0.0,0.0,0.0,3746.0,2017
201712,2017-12,Virgin Islands,22.0,1.0,0.0,0,0.0,0.0,0.0,23.0,2017
201712,2017-12,Virginia,31084.0,25165.0,3408.0,0,11.0,2.0,0.0,59657.0,2017
201712,2017-12,Washington,21090.0,16101.0,2466.0,743,411.0,98.0,4.0,40400.0,2017
201712,2017-12,West Virginia,10383.0,11484.0,399.0,515,4.0,0.0,1.0,22781.0,2017
201712,2017-12,Wisconsin,15745.0,14414.0,1051.0,38,68.0,34.0,0.0,31248.0,2017
201712,2017-12,Wyoming,2763.0,3104.0,165.0,120,0.0,0.0,0.0,6152.0,2017
201711,2017-11,Alabama,9927.0,11675.0,292.0,483,0.0,0.0,0.0,22377.0,2017
201711,2017-11,Alaska,3132.0,3244.0,261.0,226,19.0,13.0,0.0,6863.0,2017
201711,2017-11,Arizona,13763.0,10322.0,1092.0,851,118.0,10.0,0.0,26028.0,2017
201711,2017-11,Arkansas,6981.0,11574.0,237.0,566,0.0,0.0,0.0,19358.0,2017
201711,2017-11,California,44710.0,35910.0,4241.0,0,0.0,0.0,0.0,84861.0,2017
201711,2017-11,Colorado,23682.0,17832.0,1483.0,1296,248.0,45.0,0.0,44293.0,2017
201711,2017-11,Connecticut,5757.0,2708.0,358.0,0,0.0,0.0,0.0,8823.0,2017
201711,2017-11,Delaware,1802.0,2244.0,105.0,79,1.0,0.0,0.0,4230.0,2017
201711,2017-11,District of Columbia,71.0,3.0,0.0,0,2.0,0.0,0.0,74.0,2017
201711,2017-11,Florida,61694.0,31631.0,3585.0,2622,317.0,57.0,1.0,99532.0,2017
201711,2017-11,Georgia,16298.0,15244.0,495.0,807,0.0,0.0,0.0,32844.0,2017
201711,2017-11,Guam,71.0,44.0,10.0,2,0.0,0.0,0.0,127.0,2017
201711,2017-11,Hawaii,0.0,0.0,0.0,0,1.0,3.0,0.0,0.0,2017
201711,2017-11,Idaho,4603.0,6292.0,310.0,228,44.0,7.0,0.0,11433.0,2017
201711,2017-11,Illinois,26122.0,16102.0,0.0,1157,0.0,0.0,0.0,43381.0,2017
201711,2017-11,Indiana,22558.0,20820.0,1772.0,941,15.0,1.0,0.0,46091.0,2017
201711,2017-11,Iowa,280.0,4847.0,50.0,6,17.0,5.0,0.0,5183.0,2017
201711,2017-11,Kansas,7493.0,9095.0,474.0,437,29.0,7.0,0.0,17499.0,2017
201711,2017-11,Kentucky,12568.0,13718.0,365.0,632,4.0,3.0,0.0,27283.0,2017
201711,2017-11,Louisiana,13566.0,16288.0,780.0,736,0.0,0.0,0.0,31370.0,2017
201711,2017-11,Maine,3270.0,4056.0,220.0,180,13.0,7.0,0.0,7726.0,2017
201711,2017-11,Mariana Islands,16.0,4.0,0.0,1,0.0,0.0,0.0,21.0,2017
201711,2017-11,Maryland,4453.0,8436.0,254.0,41,53.0,31.0,0.0,13184.0,2017
201711,2017-11,Massachusetts,5691.0,3782.0,439.0,158,1.0,3.0,0.0,10070.0,2017
201711,2017-11,Michigan,14115.0,18434.0,549.0,249,85.0,20.0,0.0,33347.0,2017
201711,2017-11,Minnesota,5407.0,11777.0,528.0,254,14.0,8.0,1.0,17966.0,2017
201711,2017-11,Mississippi,9779.0,12312.0,322.0,535,0.0,0.0,0.0,22948.0,2017
201711,2017-11,Missouri,23099.0,26209.0,1428.0,1205,144.0,26.0,17.0,51941.0,2017
201711,2017-11,Montana,3171.0,5243.0,186.0,225,12.0,6.0,0.0,8825.0,2017
201711,2017-11,Nebraska,216.0,3612.0,18.0,8,11.0,1.0,0.0,3854.0,2017
201711,2017-11,Nevada,5350.0,3425.0,318.0,377,1.0,0.0,0.0,9470.0,2017
201711,2017-11,New Hampshire,5266.0,3743.0,132.0,8,67.0,0.0,1.0,9149.0,2017
201711,2017-11,New Jersey,3771.0,5459.0,203.0,0,0.0,0.0,0.0,9433.0,2017
201711,2017-11,New Mexico,7206.0,5820.0,437.0,330,69.0,0.0,0.0,13793.0,2017
201711,2017-11,New York,9160.0,21742.0,1308.0,192,28.0,42.0,0.0,32402.0,2017
201711,2017-11,North Carolina,2123.0,19943.0,860.0,270,0.0,0.0,0.0,23196.0,2017
201711,2017-11,North Dakota,1924.0,3382.0,136.0,108,0.0,0.0,0.0,5550.0,2017
201711,2017-11,Ohio,30973.0,28808.0,1690.0,1536,19.0,8.0,0.0,63007.0,2017
201711,2017-11,Oklahoma,15302.0,15953.0,1223.0,1719,0.0,0.0,0.0,34197.0,2017
201711,2017-11,Oregon,15988.0,13094.0,0.0,11,135.0,68.0,0.0,29093.0,2017
201711,2017-11,Pennsylvania,54967.0,21597.0,44.0,0,576.0,121.0,0.0,76608.0,2017
201711,2017-11,Puerto Rico,1926.0,257.0,79.0,30,0.0,0.0,0.0,2292.0,2017
201711,2017-11,Rhode Island,1082.0,742.0,142.0,170,1.0,2.0,3.0,2136.0,2017
201711,2017-11,South Carolina,11512.0,10108.0,563.0,548,73.0,4.0,2.0,22731.0,2017
201711,2017-11,South Dakota,3049.0,5354.0,242.0,188,0.0,0.0,0.0,8833.0,2017
201711,2017-11,Tennessee,31618.0,23889.0,1635.0,0,46.0,8.0,2.0,57142.0,2017
201711,2017-11,Texas,59840.0,51536.0,3450.0,3575,66.0,4.0,0.0,118401.0,2017
201711,2017-11,Utah,5158.0,6418.0,320.0,0,131.0,39.0,24.0,11896.0,2017
201711,2017-11,Vermont,1231.0,1839.0,100.0,59,0.0,0.0,0.0,3229.0,2017
201711,2017-11,Virgin Islands,29.0,1.0,0.0,0,0.0,0.0,0.0,30.0,2017
201711,2017-11,Virginia,26229.0,22897.0,3007.0,0,9.0,5.0,0.0,52133.0,2017
201711,2017-11,Washington,18326.0,14345.0,2281.0,714,461.0,118.0,4.0,35666.0,2017
201711,2017-11,West Virginia,7302.0,10878.0,302.0,446,1.0,0.0,0.0,18928.0,2017
201711,2017-11,Wisconsin,14237.0,18174.0,823.0,63,37.0,50.0,6.0,33297.0,2017
201711,2017-11,Wyoming,2165.0,2545.0,148.0,134,0.0,0.0,0.0,4992.0,2017
201710,2017-10,Alabama,6144.0,6999.0,308.0,337,0.0,0.0,0.0,13788.0,2017
201710,2017-10,Alaska,3153.0,3469.0,333.0,239,33.0,23.0,0.0,7194.0,2017
201710,2017-10,Arizona,10614.0,8055.0,1100.0,689,104.0,5.0,0.0,20458.0,2017
201710,2017-10,Arkansas,4873.0,7420.0,249.0,338,0.0,0.0,0.0,12880.0,2017
201710,2017-10,California,39879.0,25749.0,3646.0,0,0.0,0.0,0.0,69274.0,2017
201710,2017-10,Colorado,17238.0,15967.0,1428.0,1159,243.0,51.0,2.0,35792.0,2017
201710,2017-10,Connecticut,5112.0,2233.0,310.0,0,0.0,0.0,0.0,7655.0,2017
201710,2017-10,Delaware,1602.0,1587.0,86.0,66,0.0,0.0,0.0,3341.0,2017
201710,2017-10,District of Columbia,68.0,2.0,0.0,2,0.0,0.0,0.0,72.0,2017
201710,2017-10,Florida,49568.0,24580.0,3958.0,2089,303.0,43.0,2.0,80195.0,2017
201710,2017-10,Georgia,12031.0,10482.0,483.0,538,0.0,0.0,0.0,23534.0,2017
201710,2017-10,Guam,84.0,35.0,11.0,3,0.0,0.0,0.0,133.0,2017
201710,2017-10,Hawaii,0.0,0.0,0.0,0,1.0,3.0,0.0,0.0,2017
201710,2017-10,Idaho,3310.0,5517.0,269.0,222,25.0,15.0,1.0,9318.0,2017
201710,2017-10,Illinois,20093.0,12503.0,0.0,804,0.0,0.0,0.0,33400.0,2017
201710,2017-10,Indiana,15966.0,13202.0,1450.0,653,18.0,0.0,0.0,31271.0,2017
201710,2017-10,Iowa,126.0,3209.0,29.0,3,21.0,8.0,0.0,3367.0,2017
201710,2017-10,Kansas,5003.0,5818.0,433.0,346,17.0,5.0,0.0,11600.0,2017
201710,2017-10,Kentucky,8758.0,8739.0,371.0,496,5.0,2.0,0.0,18364.0,2017
201710,2017-10,Louisiana,9552.0,12222.0,827.0,617,0.0,0.0,0.0,23218.0,2017
201710,2017-10,Maine,3076.0,5806.0,252.0,203,15.0,16.0,0.0,9337.0,2017
201710,2017-10,Mariana Islands,4.0,4.0,0.0,1,0.0,0.0,0.0,9.0,2017
201710,2017-10,Maryland,4332.0,5991.0,213.0,38,57.0,12.0,0.0,10574.0,2017
201710,2017-10,Massachusetts,4950.0,3030.0,450.0,137,4.0,1.0,0.0,8567.0,2017
201710,2017-10,Michigan,9807.0,12649.0,522.0,212,149.0,19.0,1.0,23190.0,2017
201710,2017-10,Minnesota,4834.0,14555.0,516.0,277,12.0,5.0,1.0,20182.0,2017
201710,2017-10,Mississippi,6690.0,7193.0,302.0,413,0.0,0.0,0.0,14598.0,2017
201710,2017-10,Missouri,17985.0,19508.0,1464.0,1118,145.0,19.0,3.0,40075.0,2017
201710,2017-10,Montana,2578.0,5884.0,189.0,217,10.0,5.0,0.0,8868.0,2017
201710,2017-10,Nebraska,118.0,2469.0,11.0,4,9.0,1.0,4.0,2602.0,2017
201710,2017-10,Nevada,4361.0,2884.0,360.0,301,0.0,0.0,0.0,7906.0,2017
201710,2017-10,New Hampshire,4425.0,3568.0,147.0,5,89.0,5.0,4.0,8145.0,2017
201710,2017-10,New Jersey,3798.0,3869.0,185.0,0,0.0,0.0,0.0,7852.0,2017
201710,2017-10,New Mexico,5651.0,4928.0,465.0,301,48.0,0.0,0.0,11345.0,2017
201710,2017-10,New York,8501.0,17695.0,1320.0,206,26.0,67.0,0.0,27722.0,2017
201710,2017-10,North Carolina,1501.0,13877.0,757.0,239,0.0,0.0,0.0,16374.0,2017
201710,2017-10,North Dakota,1367.0,3732.0,134.0,86,0.0,0.0,0.0,5319.0,2017
201710,2017-10,Ohio,22833.0,18172.0,1593.0,1106,26.0,8.0,0.0,43704.0,2017
201710,2017-10,Oklahoma,9485.0,10552.0,1066.0,956,0.0,0.0,0.0,22059.0,2017
201710,2017-10,Oregon,12356.0,11042.0,0.0,5,111.0,54.0,0.0,23403.0,2017
201710,2017-10,Pennsylvania,43923.0,15604.0,67.0,0,586.0,109.0,1.0,59594.0,2017
201710,2017-10,Puerto Rico,1116.0,124.0,53.0,7,0.0,0.0,0.0,1300.0,2017
201710,2017-10,Rhode Island,937.0,799.0,120.0,192,7.0,4.0,7.0,2048.0,2017
201710,2017-10,South Carolina,8269.0,7166.0,444.0,355,69.0,7.0,3.0,16234.0,2017
201710,2017-10,South Dakota,2098.0,5636.0,182.0,159,0.0,0.0,0.0,8075.0,2017
201710,2017-10,Tennessee,21614.0,16131.0,1285.0,0,31.0,5.0,0.0,39030.0,2017
201710,2017-10,Texas,41780.0,39297.0,3633.0,2530,109.0,7.0,0.0,87240.0,2017
201710,2017-10,Utah,3075.0,4257.0,287.0,0,147.0,52.0,41.0,7619.0,2017
201710,2017-10,Vermont,1324.0,1935.0,109.0,86,0.0,0.0,0.0,3454.0,2017
201710,2017-10,Virgin Islands,19.0,0.0,0.0,0,0.0,0.0,0.0,19.0,2017
201710,2017-10,Virginia,20450.0,16169.0,2637.0,0,24.0,7.0,0.0,39256.0,2017
201710,2017-10,Washington,14867.0,13022.0,2092.0,638,583.0,168.0,8.0,30619.0,2017
201710,2017-10,West Virginia,5527.0,7375.0,350.0,380,3.0,0.0,0.0,13632.0,2017
201710,2017-10,Wisconsin,11834.0,15385.0,830.0,60,40.0,24.0,2.0,28109.0,2017
201710,2017-10,Wyoming,1321.0,2107.0,119.0,87,0.0,0.0,0.0,3634.0,2017
201709,2017-09,Alabama,5734.0,6320.0,221.0,317,0.0,0.0,0.0,12592.0,2017
201709,2017-09,Alaska,2320.0,2930.0,219.0,160,28.0,30.0,0.0,5629.0,2017
201709,2017-09,Arizona,11063.0,7946.0,920.0,631,82.0,5.0,0.0,20560.0,2017
201709,2017-09,Arkansas,4347.0,6063.0,165.0,366,0.0,0.0,0.0,10941.0,2017
201709,2017-09,California,37165.0,24581.0,2984.0,0,0.0,0.0,0.0,64730.0,2017
201709,2017-09,Colorado,15751.0,13448.0,1007.0,1062,202.0,46.0,1.0,31268.0,2017
201709,2017-09,Connecticut,4834.0,1993.0,274.0,0,0.0,0.0,0.0,7101.0,2017
201709,2017-09,Delaware,1414.0,1538.0,66.0,68,0.0,0.0,0.0,3086.0,2017
201709,2017-09,District of Columbia,56.0,4.0,0.0,0,0.0,0.0,0.0,60.0,2017
201709,2017-09,Florida,39199.0,17949.0,2319.0,1721,264.0,28.0,0.0,61188.0,2017
201709,2017-09,Georgia,10933.0,7982.0,315.0,494,0.0,0.0,0.0,19724.0,2017
201709,2017-09,Guam,74.0,47.0,10.0,3,0.0,0.0,0.0,134.0,2017
201709,2017-09,Hawaii,0.0,0.0,0.0,0,2.0,0.0,0.0,0.0,2017
201709,2017-09,Idaho,3058.0,5241.0,187.0,205,27.0,5.0,1.0,8691.0,2017
201709,2017-09,Illinois,18290.0,10201.0,0.0,814,0.0,0.0,0.0,29305.0,2017
201709,2017-09,Indiana,16093.0,11332.0,1123.0,597,22.0,0.0,0.0,29145.0,2017
201709,2017-09,Iowa,151.0,2640.0,27.0,1,25.0,1.0,0.0,2819.0,2017
201709,2017-09,Kansas,4518.0,5025.0,306.0,297,10.0,7.0,0.0,10146.0,2017
201709,2017-09,Kentucky,8112.0,7543.0,253.0,543,1.0,1.0,0.0,16451.0,2017
201709,2017-09,Louisiana,10495.0,11573.0,635.0,776,0.0,0.0,0.0,23479.0,2017
201709,2017-09,Maine,3026.0,4220.0,179.0,186,10.0,11.0,0.0,7611.0,2017
201709,2017-09,Mariana Islands,12.0,3.0,0.0,1,0.0,0.0,0.0,16.0,2017
201709,2017-09,Maryland,3389.0,4897.0,168.0,34,57.0,26.0,0.0,8488.0,2017
201709,2017-09,Massachusetts,4749.0,2808.0,449.0,158,0.0,0.0,0.0,8164.0,2017
201709,2017-09,Michigan,8654.0,10676.0,379.0,163,84.0,13.0,0.0,19872.0,2017
201709,2017-09,Minnesota,4862.0,12677.0,346.0,273,14.0,12.0,1.0,18158.0,2017
201709,2017-09,Mississippi,6260.0,6035.0,206.0,405,0.0,0.0,0.0,12906.0,2017
201709,2017-09,Missouri,16993.0,14395.0,1050.0,991,157.0,17.0,0.0,33429.0,2017
201709,2017-09,Montana,2395.0,4878.0,140.0,216,14.0,1.0,2.0,7629.0,2017
201709,2017-09,Nebraska,110.0,1989.0,11.0,4,5.0,1.0,0.0,2114.0,2017
201709,2017-09,Nevada,3992.0,2509.0,251.0,237,0.0,0.0,0.0,6989.0,2017
201709,2017-09,New Hampshire,4410.0,3248.0,132.0,3,63.0,3.0,1.0,7793.0,2017
201709,2017-09,New Jersey,3985.0,3040.0,140.0,0,0.0,0.0,0.0,7165.0,2017
201709,2017-09,New Mexico,5309.0,4508.0,353.0,284,44.0,0.0,0.0,10454.0,2017
201709,2017-09,New York,8392.0,16213.0,998.0,185,12.0,43.0,1.0,25788.0,2017
201709,2017-09,North Carolina,1235.0,11340.0,657.0,233,0.0,0.0,0.0,13465.0,2017
201709,2017-09,North Dakota,1359.0,2919.0,99.0,82,0.0,0.0,0.0,4459.0,2017
201709,2017-09,Ohio,21085.0,14998.0,1202.0,1026,18.0,1.0,0.0,38311.0,2017
201709,2017-09,Oklahoma,8869.0,9020.0,741.0,807,0.0,0.0,0.0,19437.0,2017
201709,2017-09,Oregon,11557.0,11773.0,0.0,7,113.0,40.0,1.0,23337.0,2017
201709,2017-09,Pennsylvania,39825.0,13222.0,48.0,0,492.0,92.0,1.0,53095.0,2017
201709,2017-09,Puerto Rico,619.0,123.0,17.0,22,0.0,0.0,0.0,781.0,2017
201709,2017-09,Rhode Island,907.0,619.0,70.0,163,3.0,1.0,5.0,1759.0,2017
201709,2017-09,South Carolina,7574.0,6037.0,379.0,295,47.0,2.0,0.0,14285.0,2017
201709,2017-09,South Dakota,2020.0,4155.0,154.0,141,0.0,0.0,0.0,6470.0,2017
201709,2017-09,Tennessee,19219.0,13746.0,1042.0,0,47.0,4.0,0.0,34007.0,2017
201709,2017-09,Texas,39119.0,39416.0,2768.0,2473,48.0,4.0,0.0,83776.0,2017
201709,2017-09,Utah,2840.0,3960.0,212.0,0,125.0,47.0,16.0,7012.0,2017
201709,2017-09,Vermont,1276.0,1591.0,90.0,80,0.0,0.0,0.0,3037.0,2017
201709,2017-09,Virgin Islands,6.0,2.0,0.0,0,0.0,0.0,0.0,8.0,2017
201709,2017-09,Virginia,19676.0,15075.0,1100.0,0,9.0,1.0,0.0,35851.0,2017
201709,2017-09,Washington,13292.0,11548.0,1623.0,587,416.0,85.0,9.0,27050.0,2017
201709,2017-09,West Virginia,5204.0,6161.0,216.0,387,10.0,0.0,3.0,11968.0,2017
201709,2017-09,Wisconsin,10918.0,13133.0,612.0,43,40.0,18.0,3.0,24706.0,2017
201709,2017-09,Wyoming,1337.0,2015.0,61.0,97,0.0,0.0,0.0,3510.0,2017
201708,2017-08,Alabama,6289.0,6045.0,216.0,311,0.0,0.0,0.0,12861.0,2017
201708,2017-08,Alaska,2656.0,3097.0,207.0,184,31.0,23.0,0.0,6144.0,2017
201708,2017-08,Arizona,10864.0,7686.0,908.0,627,95.0,7.0,0.0,20085.0,2017
201708,2017-08,Arkansas,4827.0,5297.0,220.0,323,0.0,0.0,0.0,10667.0,2017
201708,2017-08,California,41110.0,26220.0,3058.0,0,0.0,0.0,0.0,70388.0,2017
201708,2017-08,Colorado,16610.0,12925.0,1013.0,1035,283.0,64.0,1.0,31583.0,2017
201708,2017-08,Connecticut,5289.0,1988.0,290.0,0,0.0,0.0,0.0,7567.0,2017
201708,2017-08,Delaware,1571.0,1349.0,94.0,58,0.0,0.0,0.0,3072.0,2017
201708,2017-08,District of Columbia,54.0,6.0,0.0,1,0.0,0.0,0.0,61.0,2017
201708,2017-08,Florida,46682.0,21717.0,2847.0,2048,354.0,53.0,0.0,73294.0,2017
201708,2017-08,Georgia,11719.0,7797.0,377.0,525,0.0,0.0,0.0,20418.0,2017
201708,2017-08,Guam,105.0,47.0,5.0,2,0.0,0.0,0.0,159.0,2017
201708,2017-08,Hawaii,0.0,0.0,0.0,0,1.0,1.0,0.0,0.0,2017
201708,2017-08,Idaho,3216.0,3966.0,186.0,205,32.0,9.0,3.0,7573.0,2017
201708,2017-08,Illinois,19807.0,11333.0,0.0,779,0.0,0.0,0.0,31919.0,2017
201708,2017-08,Indiana,17271.0,11844.0,1132.0,698,11.0,0.0,0.0,30945.0,2017
201708,2017-08,Iowa,134.0,2002.0,21.0,3,27.0,4.0,1.0,2160.0,2017
201708,2017-08,Kansas,5005.0,4743.0,330.0,330,15.0,7.0,0.0,10408.0,2017
201708,2017-08,Kentucky,8039.0,6555.0,244.0,459,5.0,3.0,0.0,15297.0,2017
201708,2017-08,Louisiana,10124.0,8788.0,632.0,631,0.0,0.0,0.0,20175.0,2017
201708,2017-08,Maine,3019.0,2965.0,196.0,163,10.0,4.0,1.0,6343.0,2017
201708,2017-08,Mariana Islands,16.0,7.0,1.0,3,0.0,0.0,0.0,27.0,2017
201708,2017-08,Maryland,3657.0,4807.0,153.0,27,40.0,14.0,0.0,8644.0,2017
201708,2017-08,Massachusetts,4713.0,2507.0,457.0,171,1.0,0.0,0.0,7848.0,2017
201708,2017-08,Michigan,9849.0,9962.0,415.0,249,88.0,29.0,0.0,20475.0,2017
201708,2017-08,Minnesota,5446.0,11294.0,418.0,315,17.0,13.0,9.0,17473.0,2017
201708,2017-08,Mississippi,9059.0,7738.0,251.0,565,0.0,0.0,0.0,17613.0,2017
201708,2017-08,Missouri,17369.0,13918.0,1227.0,1027,198.0,17.0,3.0,33541.0,2017
201708,2017-08,Montana,2597.0,4034.0,128.0,221,16.0,4.0,0.0,6980.0,2017
201708,2017-08,Nebraska,109.0,1667.0,16.0,7,9.0,6.0,0.0,1799.0,2017
201708,2017-08,Nevada,4052.0,2251.0,229.0,241,0.0,0.0,0.0,6773.0,2017
201708,2017-08,New Hampshire,4164.0,2885.0,121.0,3,50.0,1.0,0.0,7173.0,2017
201708,2017-08,New Jersey,4238.0,3038.0,167.0,0,0.0,0.0,0.0,7443.0,2017
201708,2017-08,New Mexico,5000.0,3734.0,396.0,331,57.0,0.0,0.0,9461.0,2017
201708,2017-08,New York,9159.0,13239.0,891.0,158,18.0,23.0,1.0,23447.0,2017
201708,2017-08,North Carolina,1194.0,11949.0,649.0,196,0.0,0.0,0.0,13988.0,2017
201708,2017-08,North Dakota,1500.0,2567.0,92.0,65,0.0,0.0,0.0,4224.0,2017
201708,2017-08,Ohio,21432.0,14447.0,1242.0,1034,17.0,2.0,0.0,38155.0,2017
201708,2017-08,Oklahoma,9732.0,8978.0,819.0,948,0.0,0.0,0.0,20477.0,2017
201708,2017-08,Oregon,11780.0,8979.0,0.0,3,85.0,42.0,2.0,20762.0,2017
201708,2017-08,Pennsylvania,40628.0,13170.0,78.0,0,533.0,109.0,1.0,53876.0,2017
201708,2017-08,Puerto Rico,1169.0,227.0,42.0,34,0.0,0.0,0.0,1472.0,2017
201708,2017-08,Rhode Island,883.0,596.0,68.0,154,0.0,0.0,1.0,1701.0,2017
201708,2017-08,South Carolina,8268.0,6421.0,412.0,361,56.0,5.0,0.0,15462.0,2017
201708,2017-08,South Dakota,2082.0,3233.0,180.0,111,0.0,0.0,0.0,5606.0,2017
201708,2017-08,Tennessee,19965.0,14204.0,1191.0,0,31.0,4.0,2.0,35360.0,2017
201708,2017-08,Texas,37277.0,34884.0,2093.0,2474,86.0,8.0,0.0,76728.0,2017
201708,2017-08,Utah,2790.0,3154.0,190.0,0,162.0,45.0,31.0,6134.0,2017
201708,2017-08,Vermont,1232.0,1254.0,94.0,89,0.0,0.0,0.0,2669.0,2017
201708,2017-08,Virgin Islands,47.0,4.0,0.0,0,0.0,0.0,0.0,51.0,2017
201708,2017-08,Virginia,20797.0,14926.0,1161.0,0,7.0,3.0,0.0,36884.0,2017
201708,2017-08,Washington,13788.0,9776.0,1529.0,623,479.0,104.0,8.0,25716.0,2017
201708,2017-08,West Virginia,4946.0,4651.0,241.0,341,18.0,0.0,3.0,10179.0,2017
201708,2017-08,Wisconsin,12749.0,14317.0,642.0,42,33.0,13.0,0.0,27750.0,2017
201708,2017-08,Wyoming,1411.0,1762.0,62.0,86,0.0,0.0,0.0,3321.0,2017
201707,2017-07,Alabama,6046.0,4790.0,224.0,258,0.0,0.0,0.0,11318.0,2017
201707,2017-07,Alaska,2911.0,2458.0,238.0,180,16.0,17.0,9.0,5787.0,2017
201707,2017-07,Arizona,10194.0,6363.0,999.0,544,81.0,16.0,0.0,18100.0,2017
201707,2017-07,Arkansas,4343.0,3804.0,189.0,254,0.0,0.0,0.0,8590.0,2017
201707,2017-07,California,37027.0,21721.0,2514.0,0,0.0,0.0,0.0,61262.0,2017
201707,2017-07,Colorado,16063.0,11065.0,1004.0,1020,218.0,49.0,0.0,29152.0,2017
201707,2017-07,Connecticut,5450.0,1771.0,280.0,0,0.0,0.0,0.0,7501.0,2017
201707,2017-07,Delaware,1417.0,1000.0,71.0,60,0.0,0.0,0.0,2548.0,2017
201707,2017-07,District of Columbia,44.0,5.0,0.0,0,0.0,0.0,0.0,49.0,2017
201707,2017-07,Florida,47430.0,18941.0,2975.0,1844,302.0,48.0,3.0,71190.0,2017
201707,2017-07,Georgia,10685.0,6166.0,365.0,400,4.0,0.0,0.0,17616.0,2017
201707,2017-07,Guam,71.0,45.0,15.0,14,0.0,0.0,0.0,145.0,2017
201707,2017-07,Hawaii,0.0,0.0,0.0,0,0.0,2.0,0.0,0.0,2017
201707,2017-07,Idaho,2887.0,3276.0,191.0,149,34.0,14.0,0.0,6503.0,2017
201707,2017-07,Illinois,18417.0,9895.0,0.0,765,0.0,0.0,0.0,29077.0,2017
201707,2017-07,Indiana,15385.0,9995.0,950.0,584,20.0,0.0,0.0,26914.0,2017
201707,2017-07,Iowa,94.0,1649.0,22.0,4,18.0,3.0,0.0,1769.0,2017
201707,2017-07,Kansas,4636.0,3914.0,325.0,278,22.0,3.0,2.0,9153.0,2017
201707,2017-07,Kentucky,7236.0,5118.0,241.0,419,7.0,2.0,0.0,13014.0,2017
201707,2017-07,Louisiana,9420.0,5992.0,663.0,575,0.0,0.0,0.0,16650.0,2017
201707,2017-07,Maine,2695.0,2259.0,144.0,122,3.0,5.0,0.0,5220.0,2017
201707,2017-07,Mariana Islands,11.0,1.0,0.0,1,0.0,0.0,0.0,13.0,2017
201707,2017-07,Maryland,3710.0,3922.0,172.0,18,24.0,12.0,0.0,7822.0,2017
201707,2017-07,Massachusetts,4034.0,2150.0,332.0,118,1.0,0.0,0.0,6634.0,2017
201707,2017-07,Michigan,9305.0,7687.0,339.0,208,68.0,13.0,10.0,17539.0,2017
201707,2017-07,Minnesota,5181.0,7734.0,430.0,245,11.0,7.0,4.0,13590.0,2017
201707,2017-07,Mississippi,5961.0,3980.0,247.0,320,0.0,0.0,0.0,10508.0,2017
201707,2017-07,Missouri,16151.0,11098.0,1013.0,857,131.0,19.0,2.0,29119.0,2017
201707,2017-07,Montana,2307.0,3168.0,137.0,156,18.0,1.0,2.0,5768.0,2017
201707,2017-07,Nebraska,97.0,1204.0,10.0,0,11.0,4.0,0.0,1311.0,2017
201707,2017-07,Nevada,3647.0,1962.0,219.0,223,0.0,0.0,0.0,6051.0,2017
201707,2017-07,New Hampshire,4228.0,2427.0,128.0,4,64.0,6.0,0.0,6787.0,2017
201707,2017-07,New Jersey,4351.0,2519.0,164.0,0,0.0,0.0,0.0,7034.0,2017
201707,2017-07,New Mexico,4834.0,3254.0,361.0,228,43.0,0.0,0.0,8677.0,2017
201707,2017-07,New York,9212.0,11301.0,879.0,170,21.0,17.0,0.0,21562.0,2017
201707,2017-07,North Carolina,1059.0,9316.0,551.0,180,0.0,0.0,0.0,11106.0,2017
201707,2017-07,North Dakota,1286.0,2030.0,85.0,62,0.0,0.0,0.0,3463.0,2017
201707,2017-07,Ohio,20990.0,14131.0,1227.0,959,12.0,4.0,0.0,37307.0,2017
201707,2017-07,Oklahoma,9377.0,6698.0,882.0,668,0.0,0.0,0.0,17625.0,2017
201707,2017-07,Oregon,11160.0,7877.0,0.0,1,109.0,51.0,0.0,19038.0,2017
201707,2017-07,Pennsylvania,37329.0,11694.0,159.0,0,525.0,86.0,4.0,49182.0,2017
201707,2017-07,Puerto Rico,1115.0,187.0,44.0,22,0.0,0.0,0.0,1368.0,2017
201707,2017-07,Rhode Island,836.0,593.0,64.0,129,3.0,3.0,1.0,1622.0,2017
201707,2017-07,South Carolina,7458.0,4622.0,405.0,327,37.0,7.0,0.0,12812.0,2017
201707,2017-07,South Dakota,1926.0,2355.0,200.0,99,0.0,0.0,0.0,4580.0,2017
201707,2017-07,Tennessee,20279.0,11425.0,1125.0,0,38.0,5.0,5.0,32829.0,2017
201707,2017-07,Texas,36913.0,27245.0,2653.0,2193,74.0,3.0,0.0,69004.0,2017
201707,2017-07,Utah,2562.0,2546.0,202.0,0,102.0,25.0,19.0,5310.0,2017
201707,2017-07,Vermont,1127.0,1012.0,87.0,47,0.0,0.0,0.0,2273.0,2017
201707,2017-07,Virgin Islands,39.0,6.0,1.0,2,0.0,0.0,0.0,48.0,2017
201707,2017-07,Virginia,20688.0,13381.0,971.0,0,4.0,0.0,0.0,35040.0,2017
201707,2017-07,Washington,12872.0,8636.0,1503.0,565,383.0,105.0,6.0,23576.0,2017
201707,2017-07,West Virginia,4860.0,4535.0,231.0,328,2.0,1.0,3.0,9954.0,2017
201707,2017-07,Wisconsin,11537.0,9946.0,585.0,44,36.0,18.0,3.0,22112.0,2017
201707,2017-07,Wyoming,1231.0,1395.0,82.0,77,0.0,0.0,0.0,2785.0,2017
201706,2017-06,Alabama,8275.0,4782.0,254.0,334,0.0,0.0,0.0,13645.0,2017
201706,2017-06,Alaska,2909.0,2254.0,225.0,190,18.0,28.0,1.0,5578.0,2017
201706,2017-06,Arizona,11507.0,6726.0,947.0,606,97.0,7.0,0.0,19786.0,2017
201706,2017-06,Arkansas,5634.0,4070.0,190.0,292,0.0,0.0,0.0,10186.0,2017
201706,2017-06,California,42726.0,23807.0,2763.0,0,0.0,0.0,0.0,69296.0,2017
201706,2017-06,Colorado,17781.0,11298.0,1151.0,1038,231.0,40.0,0.0,31268.0,2017
201706,2017-06,Connecticut,6203.0,1765.0,243.0,0,0.0,0.0,0.0,8211.0,2017
201706,2017-06,Delaware,1724.0,1082.0,74.0,66,0.0,0.0,0.0,2946.0,2017
201706,2017-06,District of Columbia,52.0,5.0,0.0,0,0.0,0.0,0.0,57.0,2017
201706,2017-06,Florida,52114.0,19380.0,3260.0,2012,316.0,42.0,2.0,76766.0,2017
201706,2017-06,Georgia,13617.0,6474.0,394.0,497,0.0,0.0,0.0,20982.0,2017
201706,2017-06,Guam,94.0,42.0,8.0,10,0.0,0.0,0.0,154.0,2017
201706,2017-06,Hawaii,0.0,0.0,0.0,0,1.0,0.0,0.0,0.0,2017
201706,2017-06,Idaho,3645.0,3698.0,184.0,184,40.0,10.0,0.0,7711.0,2017
201706,2017-06,Illinois,21394.0,9491.0,0.0,790,0.0,0.0,0.0,31675.0,2017
201706,2017-06,Indiana,18351.0,9706.0,1093.0,528,8.0,0.0,1.0,29678.0,2017
201706,2017-06,Iowa,98.0,1641.0,36.0,3,16.0,4.0,0.0,1778.0,2017
201706,2017-06,Kansas,5625.0,3788.0,355.0,280,21.0,6.0,0.0,10048.0,2017
201706,2017-06,Kentucky,8765.0,5223.0,265.0,469,4.0,2.0,0.0,14722.0,2017
201706,2017-06,Louisiana,11706.0,6324.0,859.0,540,0.0,0.0,0.0,19429.0,2017
201706,2017-06,Maine,3064.0,2188.0,210.0,155,5.0,10.0,1.0,5617.0,2017
201706,2017-06,Mariana Islands,9.0,2.0,0.0,1,0.0,0.0,0.0,12.0,2017
201706,2017-06,Maryland,3968.0,3963.0,250.0,19,53.0,17.0,0.0,8200.0,2017
201706,2017-06,Massachusetts,5612.0,2287.0,329.0,149,0.0,1.0,0.0,8377.0,2017
201706,2017-06,Michigan,11170.0,7578.0,463.0,200,99.0,33.0,0.0,19411.0,2017
201706,2017-06,Minnesota,6258.0,7505.0,515.0,286,19.0,11.0,1.0,14564.0,2017
201706,2017-06,Mississippi,7987.0,4029.0,268.0,382,0.0,0.0,0.0,12666.0,2017
201706,2017-06,Missouri,19459.0,11470.0,1200.0,935,154.0,16.0,0.0,33064.0,2017
201706,2017-06,Montana,3026.0,3727.0,162.0,212,13.0,0.0,1.0,7127.0,2017
201706,2017-06,Nebraska,99.0,1261.0,22.0,2,5.0,4.0,0.0,1384.0,2017
201706,2017-06,Nevada,4449.0,2337.0,242.0,219,0.0,0.0,0.0,7247.0,2017
201706,2017-06,New Hampshire,4836.0,2412.0,164.0,2,62.0,10.0,4.0,7414.0,2017
201706,2017-06,New Jersey,5022.0,2586.0,182.0,0,0.0,0.0,0.0,7790.0,2017
201706,2017-06,New Mexico,5152.0,3486.0,421.0,261,49.0,0.0,0.0,9320.0,2017
201706,2017-06,New York,10784.0,11309.0,921.0,196,14.0,30.0,1.0,23210.0,2017
201706,2017-06,North Carolina,1581.0,9570.0,558.0,228,0.0,0.0,0.0,11937.0,2017
201706,2017-06,North Dakota,1426.0,1942.0,97.0,59,0.0,0.0,0.0,3524.0,2017
201706,2017-06,Ohio,23703.0,13536.0,1324.0,973,16.0,4.0,0.0,39536.0,2017
201706,2017-06,Oklahoma,11872.0,7459.0,942.0,778,0.0,0.0,0.0,21051.0,2017
201706,2017-06,Oregon,13632.0,9218.0,0.0,1,85.0,38.0,0.0,22851.0,2017
201706,2017-06,Pennsylvania,41408.0,11117.0,200.0,0,497.0,102.0,0.0,52725.0,2017
201706,2017-06,Puerto Rico,1339.0,211.0,32.0,35,0.0,0.0,0.0,1617.0,2017
201706,2017-06,Rhode Island,1053.0,592.0,65.0,151,0.0,1.0,1.0,1861.0,2017
201706,2017-06,South Carolina,11431.0,4533.0,473.0,445,55.0,3.0,1.0,16882.0,2017
201706,2017-06,South Dakota,2215.0,2458.0,244.0,142,0.0,0.0,0.0,5059.0,2017
201706,2017-06,Tennessee,23369.0,11558.0,1237.0,0,56.0,8.0,9.0,36164.0,2017
201706,2017-06,Texas,48895.0,29119.0,3000.0,2307,76.0,6.0,0.0,83321.0,2017
201706,2017-06,Utah,3307.0,2989.0,208.0,0,150.0,53.0,35.0,6504.0,2017
201706,2017-06,Vermont,1296.0,973.0,71.0,41,0.0,0.0,0.0,2381.0,2017
201706,2017-06,Virgin Islands,25.0,2.0,0.0,0,0.0,0.0,0.0,27.0,2017
201706,2017-06,Virginia,22416.0,12706.0,959.0,0,20.0,9.0,0.0,36081.0,2017
201706,2017-06,Washington,16674.0,9805.0,1694.0,604,482.0,112.0,7.0,28777.0,2017
201706,2017-06,West Virginia,5409.0,4165.0,229.0,328,16.0,0.0,3.0,10131.0,2017
201706,2017-06,Wisconsin,13463.0,9959.0,640.0,41,48.0,19.0,2.0,24103.0,2017
201706,2017-06,Wyoming,1520.0,1544.0,107.0,85,0.0,0.0,0.0,3256.0,2017
201705,2017-05,Alabama,7198.0,4559.0,254.0,309,0.0,0.0,0.0,12320.0,2017
201705,2017-05,Alaska,2851.0,2459.0,216.0,170,24.0,23.0,0.0,5696.0,2017
201705,2017-05,Arizona,12002.0,6555.0,951.0,621,98.0,7.0,0.0,20129.0,2017
201705,2017-05,Arkansas,5181.0,3981.0,217.0,275,0.0,0.0,0.0,9654.0,2017
201705,2017-05,California,42442.0,24495.0,2760.0,0,0.0,0.0,0.0,69697.0,2017
201705,2017-05,Colorado,17085.0,11165.0,1102.0,988,211.0,49.0,0.0,30340.0,2017
201705,2017-05,Connecticut,5951.0,1862.0,222.0,0,0.0,0.0,0.0,8035.0,2017
201705,2017-05,Delaware,1752.0,1087.0,69.0,72,0.0,0.0,0.0,2980.0,2017
201705,2017-05,District of Columbia,66.0,4.0,0.0,2,0.0,0.0,0.0,72.0,2017
201705,2017-05,Florida,49700.0,18476.0,3001.0,1907,356.0,52.0,0.0,73084.0,2017
201705,2017-05,Georgia,12163.0,6211.0,406.0,442,1.0,0.0,0.0,19222.0,2017
201705,2017-05,Guam,93.0,49.0,7.0,8,0.0,0.0,0.0,157.0,2017
201705,2017-05,Hawaii,0.0,0.0,0.0,0,0.0,3.0,0.0,0.0,2017
201705,2017-05,Idaho,3267.0,3699.0,194.0,181,23.0,10.0,0.0,7341.0,2017
201705,2017-05,Illinois,22244.0,9252.0,0.0,774,0.0,0.0,0.0,32270.0,2017
201705,2017-05,Indiana,18110.0,9483.0,1060.0,618,18.0,0.0,0.0,29271.0,2017
201705,2017-05,Iowa,196.0,1759.0,53.0,3,26.0,7.0,0.0,2011.0,2017
201705,2017-05,Kansas,5022.0,3818.0,369.0,295,20.0,3.0,0.0,9504.0,2017
201705,2017-05,Kentucky,8690.0,5378.0,223.0,433,4.0,2.0,0.0,14724.0,2017
201705,2017-05,Louisiana,10362.0,6302.0,731.0,544,0.0,0.0,0.0,17939.0,2017
201705,2017-05,Maine,3236.0,2540.0,224.0,184,8.0,4.0,0.0,6184.0,2017
201705,2017-05,Mariana Islands,10.0,1.0,1.0,0,0.0,0.0,0.0,12.0,2017
201705,2017-05,Maryland,4539.0,4244.0,212.0,30,41.0,19.0,0.0,9025.0,2017
201705,2017-05,Massachusetts,5100.0,2526.0,359.0,164,3.0,0.0,0.0,8149.0,2017
201705,2017-05,Michigan,10483.0,7055.0,402.0,191,76.0,13.0,0.0,18131.0,2017
201705,2017-05,Minnesota,7916.0,7597.0,631.0,327,10.0,14.0,0.0,16471.0,2017
201705,2017-05,Mississippi,7002.0,3938.0,277.0,326,0.0,0.0,0.0,11543.0,2017
201705,2017-05,Missouri,18290.0,11468.0,1067.0,857,174.0,41.0,2.0,31682.0,2017
201705,2017-05,Montana,2660.0,3762.0,170.0,199,43.0,16.0,1.0,6791.0,2017
201705,2017-05,Nebraska,109.0,1256.0,23.0,5,9.0,4.0,0.0,1393.0,2017
201705,2017-05,Nevada,4630.0,2288.0,242.0,234,0.0,0.0,0.0,7394.0,2017
201705,2017-05,New Hampshire,4614.0,2472.0,158.0,5,63.0,1.0,3.0,7249.0,2017
201705,2017-05,New Jersey,5569.0,2931.0,194.0,0,0.0,0.0,0.0,8694.0,2017
201705,2017-05,New Mexico,5204.0,3381.0,394.0,263,48.0,0.0,0.0,9242.0,2017
201705,2017-05,New York,11633.0,12857.0,957.0,183,14.0,36.0,0.0,25630.0,2017
201705,2017-05,North Carolina,1363.0,9129.0,673.0,206,0.0,0.0,0.0,11371.0,2017
201705,2017-05,North Dakota,1413.0,1866.0,95.0,57,0.0,0.0,0.0,3431.0,2017
201705,2017-05,Ohio,25230.0,12924.0,1375.0,1059,26.0,4.0,0.0,40588.0,2017
201705,2017-05,Oklahoma,10599.0,7270.0,897.0,728,0.0,0.0,0.0,19494.0,2017
201705,2017-05,Oregon,13261.0,9115.0,0.0,3,72.0,28.0,0.0,22379.0,2017
201705,2017-05,Pennsylvania,42646.0,11123.0,157.0,0,504.0,91.0,0.0,53926.0,2017
201705,2017-05,Puerto Rico,1279.0,217.0,67.0,31,0.0,0.0,0.0,1594.0,2017
201705,2017-05,Rhode Island,1048.0,541.0,82.0,182,2.0,1.0,1.0,1853.0,2017
201705,2017-05,South Carolina,9258.0,4234.0,494.0,617,68.0,5.0,0.0,14603.0,2017
201705,2017-05,South Dakota,2369.0,2578.0,253.0,145,0.0,0.0,0.0,5345.0,2017
201705,2017-05,Tennessee,22198.0,10745.0,1187.0,0,39.0,7.0,3.0,34130.0,2017
201705,2017-05,Texas,42366.0,27991.0,2991.0,2226,65.0,5.0,0.0,75574.0,2017
201705,2017-05,Utah,3204.0,3144.0,214.0,0,211.0,87.0,63.0,6562.0,2017
201705,2017-05,Vermont,1306.0,1132.0,83.0,49,0.0,0.0,0.0,2570.0,2017
201705,2017-05,Virgin Islands,19.0,1.0,0.0,2,0.0,0.0,0.0,22.0,2017
201705,2017-05,Virginia,21697.0,12181.0,969.0,0,7.0,5.0,0.0,34847.0,2017
201705,2017-05,Washington,15915.0,9682.0,1617.0,584,443.0,114.0,8.0,27798.0,2017
201705,2017-05,West Virginia,5818.0,4329.0,262.0,321,4.0,1.0,4.0,10730.0,2017
201705,2017-05,Wisconsin,14070.0,9467.0,709.0,58,38.0,23.0,5.0,24304.0,2017
201705,2017-05,Wyoming,1589.0,1578.0,101.0,91,0.0,0.0,0.0,3359.0,2017
201704,2017-04,Alabama,7131.0,4724.0,229.0,261,0.0,0.0,0.0,12345.0,2017
201704,2017-04,Alaska,2997.0,2840.0,221.0,233,26.0,13.0,0.0,6291.0,2017
201704,2017-04,Arizona,13302.0,7485.0,1109.0,658,82.0,11.0,0.0,22554.0,2017
201704,2017-04,Arkansas,5670.0,4226.0,191.0,287,0.0,0.0,0.0,10374.0,2017
201704,2017-04,California,45182.0,24898.0,3104.0,0,0.0,0.0,0.0,73184.0,2017
201704,2017-04,Colorado,19453.0,12407.0,1268.0,1068,177.0,37.0,3.0,34196.0,2017
201704,2017-04,Connecticut,6557.0,2063.0,178.0,0,0.0,0.0,0.0,8798.0,2017
201704,2017-04,Delaware,2017.0,1249.0,90.0,89,0.0,0.0,0.0,3445.0,2017
201704,2017-04,District of Columbia,68.0,1.0,0.0,0,0.0,0.0,0.0,69.0,2017
201704,2017-04,Florida,52889.0,19489.0,3290.0,1840,269.0,38.0,1.0,77508.0,2017
201704,2017-04,Georgia,13202.0,6567.0,463.0,421,1.0,0.0,0.0,20653.0,2017
201704,2017-04,Guam,93.0,39.0,9.0,6,0.0,0.0,0.0,147.0,2017
201704,2017-04,Hawaii,0.0,0.0,0.0,0,3.0,0.0,0.0,0.0,2017
201704,2017-04,Idaho,3874.0,4039.0,196.0,160,25.0,10.0,2.0,8269.0,2017
201704,2017-04,Illinois,25414.0,10416.0,0.0,845,0.0,0.0,0.0,36675.0,2017
201704,2017-04,Indiana,21454.0,11390.0,1158.0,677,12.0,0.0,0.0,34679.0,2017
201704,2017-04,Iowa,252.0,2348.0,56.0,3,35.0,8.0,1.0,2659.0,2017
201704,2017-04,Kansas,5901.0,4435.0,402.0,308,14.0,8.0,0.0,11046.0,2017
201704,2017-04,Kentucky,9858.0,6519.0,257.0,433,13.0,7.0,0.0,17067.0,2017
201704,2017-04,Louisiana,10551.0,6161.0,797.0,492,0.0,0.0,0.0,18001.0,2017
201704,2017-04,Maine,3816.0,3073.0,242.0,183,11.0,13.0,0.0,7314.0,2017
201704,2017-04,Mariana Islands,11.0,2.0,0.0,0,0.0,0.0,0.0,13.0,2017
201704,2017-04,Maryland,4435.0,5128.0,227.0,24,30.0,13.0,0.0,9814.0,2017
201704,2017-04,Massachusetts,6540.0,2717.0,411.0,194,0.0,0.0,0.0,9862.0,2017
201704,2017-04,Michigan,12478.0,9139.0,524.0,246,63.0,10.0,1.0,22387.0,2017
201704,2017-04,Minnesota,13074.0,12144.0,885.0,540,16.0,6.0,0.0,26643.0,2017
201704,2017-04,Mississippi,7952.0,4359.0,245.0,294,0.0,0.0,0.0,12850.0,2017
201704,2017-04,Missouri,20328.0,14124.0,1233.0,998,172.0,5.0,2.0,36683.0,2017
201704,2017-04,Montana,3014.0,4246.0,162.0,219,13.0,2.0,5.0,7641.0,2017
201704,2017-04,Nebraska,126.0,1648.0,15.0,4,13.0,3.0,0.0,1793.0,2017
201704,2017-04,Nevada,4890.0,2747.0,243.0,287,0.0,0.0,0.0,8167.0,2017
201704,2017-04,New Hampshire,5658.0,3121.0,165.0,9,79.0,5.0,5.0,8953.0,2017
201704,2017-04,New Jersey,5722.0,3201.0,196.0,0,0.0,0.0,0.0,9119.0,2017
201704,2017-04,New Mexico,5665.0,4023.0,502.0,267,51.0,0.0,0.0,10457.0,2017
201704,2017-04,New York,11913.0,14591.0,1111.0,204,9.0,33.0,0.0,27819.0,2017
201704,2017-04,North Carolina,1471.0,9870.0,678.0,185,0.0,0.0,0.0,12204.0,2017
201704,2017-04,North Dakota,2209.0,2492.0,107.0,99,0.0,0.0,0.0,4907.0,2017
201704,2017-04,Ohio,31417.0,16030.0,1580.0,1209,24.0,10.0,2.0,50236.0,2017
201704,2017-04,Oklahoma,13317.0,9111.0,1159.0,862,0.0,0.0,0.0,24449.0,2017
201704,2017-04,Oregon,15122.0,10896.0,0.0,2,46.0,26.0,0.0,26020.0,2017
201704,2017-04,Pennsylvania,48255.0,11877.0,97.0,0,459.0,89.0,0.0,60229.0,2017
201704,2017-04,Puerto Rico,1105.0,204.0,45.0,26,0.0,0.0,0.0,1380.0,2017
201704,2017-04,Rhode Island,1146.0,673.0,82.0,200,2.0,0.0,1.0,2101.0,2017
201704,2017-04,South Carolina,9548.0,4420.0,515.0,1159,52.0,1.0,2.0,15642.0,2017
201704,2017-04,South Dakota,2896.0,3008.0,308.0,148,0.0,0.0,0.0,6360.0,2017
201704,2017-04,Tennessee,23031.0,11521.0,1164.0,0,48.0,6.0,9.0,35716.0,2017
201704,2017-04,Texas,44994.0,28015.0,3098.0,2442,61.0,5.0,0.0,78549.0,2017
201704,2017-04,Utah,3917.0,3302.0,226.0,0,145.0,61.0,30.0,7445.0,2017
201704,2017-04,Vermont,1855.0,1720.0,124.0,105,0.0,0.0,0.0,3804.0,2017
201704,2017-04,Virgin Islands,22.0,7.0,0.0,0,0.0,0.0,0.0,29.0,2017
201704,2017-04,Virginia,29480.0,16844.0,1227.0,0,6.0,0.0,0.0,47551.0,2017
201704,2017-04,Washington,17120.0,10659.0,1750.0,630,438.0,162.0,6.0,30159.0,2017
201704,2017-04,West Virginia,6723.0,5263.0,257.0,365,4.0,0.0,0.0,12608.0,2017
201704,2017-04,Wisconsin,16700.0,13302.0,873.0,46,27.0,11.0,2.0,30921.0,2017
201704,2017-04,Wyoming,1633.0,1711.0,108.0,85,0.0,0.0,0.0,3537.0,2017
201703,2017-03,Alabama,10603.0,6951.0,313.0,387,0.0,0.0,0.0,18254.0,2017
201703,2017-03,Alaska,3067.0,2640.0,242.0,184,21.0,17.0,0.0,6133.0,2017
201703,2017-03,Arizona,14897.0,9036.0,1120.0,738,117.0,10.0,0.0,25791.0,2017
201703,2017-03,Arkansas,7907.0,6010.0,281.0,454,0.0,0.0,0.0,14652.0,2017
201703,2017-03,California,48732.0,27839.0,3032.0,0,0.0,0.0,0.0,79603.0,2017
201703,2017-03,Colorado,21249.0,14378.0,1528.0,1181,231.0,48.0,0.0,38336.0,2017
201703,2017-03,Connecticut,7476.0,2551.0,182.0,0,0.0,0.0,0.0,10209.0,2017
201703,2017-03,Delaware,2557.0,1677.0,95.0,110,0.0,0.0,0.0,4439.0,2017
201703,2017-03,District of Columbia,83.0,3.0,0.0,1,0.0,0.0,0.0,87.0,2017
201703,2017-03,Florida,60787.0,23982.0,3609.0,2176,326.0,45.0,3.0,90554.0,2017
201703,2017-03,Georgia,19256.0,9518.0,533.0,676,0.0,0.0,0.0,29983.0,2017
201703,2017-03,Guam,74.0,41.0,7.0,13,0.0,0.0,0.0,135.0,2017
201703,2017-03,Hawaii,0.0,0.0,0.0,0,3.0,0.0,0.0,0.0,2017
201703,2017-03,Idaho,4500.0,4944.0,289.0,243,39.0,5.0,0.0,9976.0,2017
201703,2017-03,Illinois,30518.0,14411.0,0.0,1207,0.0,0.0,0.0,46136.0,2017
201703,2017-03,Indiana,28593.0,14363.0,1575.0,793,21.0,0.0,0.0,45324.0,2017
201703,2017-03,Iowa,316.0,3137.0,62.0,4,31.0,10.0,1.0,3519.0,2017
201703,2017-03,Kansas,7712.0,5522.0,558.0,360,30.0,18.0,2.0,14152.0,2017
201703,2017-03,Kentucky,13769.0,8992.0,347.0,645,9.0,3.0,0.0,23753.0,2017
201703,2017-03,Louisiana,13973.0,8092.0,988.0,762,0.0,0.0,0.0,23815.0,2017
201703,2017-03,Maine,4558.0,3286.0,305.0,197,12.0,11.0,0.0,8346.0,2017
201703,2017-03,Mariana Islands,9.0,1.0,1.0,0,0.0,0.0,0.0,11.0,2017
201703,2017-03,Maryland,5398.0,5737.0,292.0,21,36.0,13.0,0.0,11448.0,2017
201703,2017-03,Massachusetts,7274.0,3421.0,464.0,185,0.0,0.0,0.0,11344.0,2017
201703,2017-03,Michigan,16031.0,11103.0,617.0,273,149.0,15.0,0.0,28024.0,2017
201703,2017-03,Minnesota,14029.0,12988.0,1131.0,518,12.0,7.0,3.0,28666.0,2017
201703,2017-03,Mississippi,11586.0,6508.0,344.0,465,0.0,0.0,0.0,18903.0,2017
201703,2017-03,Missouri,27625.0,17931.0,1537.0,1286,127.0,16.0,2.0,48379.0,2017
201703,2017-03,Montana,3615.0,4584.0,299.0,281,18.0,4.0,1.0,8779.0,2017
201703,2017-03,Nebraska,176.0,1984.0,24.0,7,14.0,2.0,0.0,2191.0,2017
201703,2017-03,Nevada,6038.0,3219.0,298.0,301,1.0,0.0,0.0,9856.0,2017
201703,2017-03,New Hampshire,7278.0,3462.0,227.0,3,47.0,3.0,5.0,10970.0,2017
201703,2017-03,New Jersey,6871.0,3864.0,258.0,0,0.0,0.0,0.0,10993.0,2017
201703,2017-03,New Mexico,6752.0,4571.0,524.0,374,41.0,0.0,0.0,12221.0,2017
201703,2017-03,New York,12788.0,15591.0,1245.0,204,23.0,26.0,0.0,29828.0,2017
201703,2017-03,North Carolina,1669.0,13837.0,875.0,261,1.0,0.0,0.0,16642.0,2017
201703,2017-03,North Dakota,2013.0,2371.0,124.0,70,0.0,0.0,0.0,4578.0,2017
201703,2017-03,Ohio,37474.0,19925.0,2384.0,1481,14.0,2.0,1.0,61264.0,2017
201703,2017-03,Oklahoma,14157.0,10065.0,1118.0,977,0.0,0.0,0.0,26317.0,2017
201703,2017-03,Oregon,17177.0,13521.0,0.0,0,53.0,28.0,0.0,30698.0,2017
201703,2017-03,Pennsylvania,61207.0,15836.0,86.0,0,586.0,116.0,1.0,77129.0,2017
201703,2017-03,Puerto Rico,1267.0,206.0,48.0,28,0.0,0.0,0.0,1549.0,2017
201703,2017-03,Rhode Island,1424.0,791.0,83.0,223,0.0,0.0,3.0,2521.0,2017
201703,2017-03,South Carolina,13284.0,6749.0,680.0,691,46.0,5.0,0.0,21404.0,2017
201703,2017-03,South Dakota,3361.0,3686.0,342.0,238,0.0,0.0,0.0,7627.0,2017
201703,2017-03,Tennessee,29369.0,15922.0,1526.0,0,53.0,4.0,15.0,46817.0,2017
201703,2017-03,Texas,55983.0,34308.0,3702.0,2846,84.0,7.0,0.0,96839.0,2017
201703,2017-03,Utah,4401.0,4010.0,284.0,0,155.0,54.0,42.0,8695.0,2017
201703,2017-03,Vermont,2007.0,1793.0,125.0,109,0.0,0.0,0.0,4034.0,2017
201703,2017-03,Virgin Islands,27.0,5.0,0.0,0,0.0,0.0,0.0,32.0,2017
201703,2017-03,Virginia,29873.0,17754.0,1193.0,0,15.0,4.0,0.0,48820.0,2017
201703,2017-03,Washington,20308.0,12740.0,2224.0,735,511.0,115.0,15.0,36007.0,2017
201703,2017-03,West Virginia,8887.0,6616.0,324.0,523,10.0,0.0,0.0,16350.0,2017
201703,2017-03,Wisconsin,19864.0,16763.0,1105.0,41,52.0,28.0,1.0,37773.0,2017
201703,2017-03,Wyoming,2017.0,2038.0,134.0,124,0.0,0.0,0.0,4313.0,2017
201702,2017-02,Alabama,10739.0,7028.0,291.0,505,0.0,0.0,0.0,18563.0,2017
201702,2017-02,Alaska,2857.0,2102.0,191.0,180,13.0,9.0,0.0,5330.0,2017
201702,2017-02,Arizona,15642.0,8881.0,984.0,821,73.0,8.0,0.0,26328.0,2017
201702,2017-02,Arkansas,7974.0,5938.0,237.0,590,0.0,0.0,0.0,14739.0,2017
201702,2017-02,California,44363.0,24987.0,2898.0,0,0.0,0.0,0.0,72248.0,2017
201702,2017-02,Colorado,20958.0,13477.0,1235.0,1240,185.0,30.0,2.0,36910.0,2017
201702,2017-02,Connecticut,6445.0,2187.0,138.0,0,0.0,0.0,0.0,8770.0,2017
201702,2017-02,Delaware,2342.0,1663.0,64.0,102,0.0,0.0,0.0,4171.0,2017
201702,2017-02,District of Columbia,65.0,1.0,0.0,2,0.0,0.0,0.0,68.0,2017
201702,2017-02,Florida,59201.0,23479.0,2928.0,2187,262.0,35.0,1.0,87795.0,2017
201702,2017-02,Georgia,19007.0,9334.0,454.0,863,0.0,0.0,0.0,29658.0,2017
201702,2017-02,Guam,74.0,43.0,11.0,3,0.0,0.0,0.0,131.0,2017
201702,2017-02,Hawaii,0.0,0.0,0.0,0,0.0,2.0,0.0,0.0,2017
201702,2017-02,Idaho,4051.0,3904.0,230.0,227,27.0,9.0,0.0,8412.0,2017
201702,2017-02,Illinois,27418.0,12635.0,0.0,1002,0.0,0.0,0.0,41055.0,2017
201702,2017-02,Indiana,27343.0,13221.0,1288.0,814,25.0,0.0,2.0,42666.0,2017
201702,2017-02,Iowa,318.0,2403.0,34.0,12,25.0,19.0,0.0,2767.0,2017
201702,2017-02,Kansas,8082.0,5501.0,511.0,430,23.0,5.0,2.0,14524.0,2017
201702,2017-02,Kentucky,14975.0,8636.0,253.0,1044,1.0,0.0,0.0,24908.0,2017
201702,2017-02,Louisiana,12698.0,7601.0,846.0,668,0.0,0.0,0.0,21813.0,2017
201702,2017-02,Maine,3758.0,2544.0,227.0,169,11.0,19.0,0.0,6698.0,2017
201702,2017-02,Mariana Islands,0.0,0.0,0.0,0,0.0,0.0,0.0,0.0,2017
201702,2017-02,Maryland,4925.0,5534.0,213.0,45,34.0,12.0,0.0,10717.0,2017
201702,2017-02,Massachusetts,6280.0,2901.0,404.0,156,2.0,0.0,0.0,9741.0,2017
201702,2017-02,Michigan,15564.0,9804.0,553.0,263,145.0,24.0,2.0,26184.0,2017
201702,2017-02,Minnesota,12047.0,9641.0,791.0,375,8.0,10.0,0.0,22854.0,2017
201702,2017-02,Mississippi,11285.0,6045.0,279.0,580,0.0,0.0,0.0,18189.0,2017
201702,2017-02,Missouri,26726.0,16012.0,1393.0,1477,146.0,20.0,0.0,45608.0,2017
201702,2017-02,Montana,2912.0,3429.0,177.0,309,19.0,9.0,0.0,6827.0,2017
201702,2017-02,Nebraska,171.0,1937.0,19.0,6,8.0,0.0,0.0,2133.0,2017
201702,2017-02,Nevada,5644.0,2732.0,301.0,308,0.0,0.0,0.0,8985.0,2017
201702,2017-02,New Hampshire,6092.0,3098.0,156.0,2,51.0,5.0,0.0,9348.0,2017
201702,2017-02,New Jersey,5904.0,3481.0,216.0,0,0.0,0.0,0.0,9601.0,2017
201702,2017-02,New Mexico,7032.0,4632.0,400.0,509,45.0,0.0,0.0,12573.0,2017
201702,2017-02,New York,11465.0,14080.0,1128.0,179,11.0,18.0,0.0,26852.0,2017
201702,2017-02,North Carolina,1410.0,13488.0,780.0,415,0.0,0.0,0.0,16093.0,2017
201702,2017-02,North Dakota,1807.0,2213.0,83.0,77,0.0,0.0,0.0,4180.0,2017
201702,2017-02,Ohio,36244.0,18068.0,2030.0,1583,28.0,3.0,1.0,57925.0,2017
201702,2017-02,Oklahoma,14051.0,9769.0,933.0,1211,0.0,0.0,0.0,25964.0,2017
201702,2017-02,Oregon,16425.0,11726.0,0.0,0,45.0,14.0,1.0,28151.0,2017
201702,2017-02,Pennsylvania,54107.0,12734.0,37.0,0,553.0,125.0,2.0,66878.0,2017
201702,2017-02,Puerto Rico,1000.0,197.0,30.0,24,0.0,0.0,0.0,1251.0,2017
201702,2017-02,Rhode Island,1278.0,731.0,94.0,209,4.0,0.0,2.0,2312.0,2017
201702,2017-02,South Carolina,12510.0,6324.0,637.0,2679,54.0,4.0,0.0,22150.0,2017
201702,2017-02,South Dakota,3569.0,3533.0,287.0,170,0.0,0.0,0.0,7559.0,2017
201702,2017-02,Tennessee,31982.0,16425.0,1559.0,0,28.0,6.0,12.0,49966.0,2017
201702,2017-02,Texas,56786.0,33238.0,3083.0,3523,34.0,6.0,0.0,96630.0,2017
201702,2017-02,Utah,4371.0,4252.0,262.0,0,204.0,65.0,50.0,8885.0,2017
201702,2017-02,Vermont,1885.0,1538.0,104.0,59,0.0,0.0,0.0,3586.0,2017
201702,2017-02,Virgin Islands,26.0,8.0,0.0,0,0.0,0.0,0.0,34.0,2017
201702,2017-02,Virginia,28434.0,16587.0,1170.0,0,4.0,5.0,0.0,46191.0,2017
201702,2017-02,Washington,18785.0,11860.0,2185.0,842,392.0,93.0,10.0,33672.0,2017
201702,2017-02,West Virginia,8917.0,6203.0,281.0,668,5.0,2.0,1.0,16069.0,2017
201702,2017-02,Wisconsin,18147.0,12247.0,858.0,57,44.0,15.0,2.0,31309.0,2017
201702,2017-02,Wyoming,1839.0,1646.0,123.0,113,0.0,0.0,0.0,3721.0,2017
201701,2017-01,Alabama,6770.0,6572.0,301.0,278,0.0,0.0,0.0,13921.0,2017
201701,2017-01,Alaska,2028.0,1631.0,187.0,127,16.0,12.0,0.0,3973.0,2017
201701,2017-01,Arizona,12108.0,7353.0,951.0,550,114.0,12.0,0.0,20962.0,2017
201701,2017-01,Arkansas,5174.0,5278.0,242.0,313,0.0,0.0,0.0,11007.0,2017
201701,2017-01,California,41516.0,22686.0,2898.0,0,0.0,0.0,0.0,67100.0,2017
201701,2017-01,Colorado,17189.0,11864.0,1128.0,982,217.0,43.0,5.0,31163.0,2017
201701,2017-01,Connecticut,6133.0,2115.0,118.0,0,0.0,0.0,0.0,8366.0,2017
201701,2017-01,Delaware,1815.0,1466.0,81.0,57,0.0,0.0,0.0,3419.0,2017
201701,2017-01,District of Columbia,69.0,6.0,0.0,0,0.0,0.0,0.0,75.0,2017
201701,2017-01,Florida,51599.0,21867.0,3129.0,1816,238.0,37.0,3.0,78411.0,2017
201701,2017-01,Georgia,12519.0,7945.0,460.0,376,0.0,0.0,0.0,21300.0,2017
201701,2017-01,Guam,118.0,66.0,12.0,9,0.0,0.0,0.0,205.0,2017
201701,2017-01,Hawaii,0.0,0.0,0.0,0,2.0,0.0,0.0,0.0,2017
201701,2017-01,Idaho,2617.0,3049.0,207.0,122,24.0,2.0,0.0,5995.0,2017
201701,2017-01,Illinois,24594.0,11185.0,0.0,767,0.0,0.0,0.0,36546.0,2017
201701,2017-01,Indiana,21284.0,11456.0,1261.0,607,12.0,0.0,0.0,34608.0,2017
201701,2017-01,Iowa,180.0,2015.0,40.0,4,18.0,7.0,0.0,2239.0,2017
201701,2017-01,Kansas,5798.0,4969.0,434.0,262,21.0,6.0,0.0,11463.0,2017
201701,2017-01,Kentucky,9743.0,6700.0,292.0,397,5.0,0.0,0.0,17132.0,2017
201701,2017-01,Louisiana,10709.0,8701.0,819.0,472,0.0,0.0,0.0,20701.0,2017
201701,2017-01,Maine,3094.0,2447.0,260.0,142,12.0,3.0,2.0,5943.0,2017
201701,2017-01,Mariana Islands,0.0,2.0,0.0,0,0.0,0.0,0.0,2.0,2017
201701,2017-01,Maryland,4456.0,5254.0,185.0,24,32.0,18.0,0.0,9919.0,2017
201701,2017-01,Massachusetts,6069.0,2871.0,379.0,154,0.0,1.0,0.0,9473.0,2017
201701,2017-01,Michigan,10181.0,7490.0,527.0,154,133.0,24.0,1.0,18352.0,2017
201701,2017-01,Minnesota,9389.0,7266.0,851.0,319,10.0,5.0,2.0,17825.0,2017
201701,2017-01,Mississippi,6805.0,5592.0,298.0,248,0.0,0.0,0.0,12943.0,2017
201701,2017-01,Missouri,20123.0,13512.0,1257.0,857,159.0,12.0,2.0,35749.0,2017
201701,2017-01,Montana,2015.0,2748.0,172.0,139,11.0,3.0,0.0,5074.0,2017
201701,2017-01,Nebraska,141.0,1673.0,26.0,3,6.0,4.0,0.0,1843.0,2017
201701,2017-01,Nevada,4235.0,2361.0,279.0,226,0.0,0.0,0.0,7101.0,2017
201701,2017-01,New Hampshire,5332.0,2836.0,142.0,6,106.0,13.0,2.0,8316.0,2017
201701,2017-01,New Jersey,5719.0,3355.0,200.0,0,0.0,0.0,0.0,9274.0,2017
201701,2017-01,New Mexico,4781.0,3641.0,394.0,233,38.0,0.0,0.0,9049.0,2017
201701,2017-01,New York,11059.0,13412.0,1062.0,171,9.0,21.0,0.0,25704.0,2017
201701,2017-01,North Carolina,1073.0,11218.0,802.0,188,0.0,0.0,0.0,13281.0,2017
201701,2017-01,North Dakota,1370.0,1892.0,113.0,68,0.0,0.0,0.0,3443.0,2017
201701,2017-01,Ohio,27124.0,15070.0,1696.0,995,24.0,4.0,1.0,44885.0,2017
201701,2017-01,Oklahoma,10811.0,8883.0,1004.0,705,0.0,0.0,0.0,21403.0,2017
201701,2017-01,Oregon,12071.0,8985.0,0.0,0,38.0,19.0,0.0,21056.0,2017
201701,2017-01,Pennsylvania,44199.0,10689.0,50.0,0,603.0,140.0,2.0,54938.0,2017
201701,2017-01,Puerto Rico,1072.0,181.0,50.0,20,0.0,0.0,0.0,1323.0,2017
201701,2017-01,Rhode Island,1196.0,687.0,78.0,160,5.0,2.0,1.0,2121.0,2017
201701,2017-01,South Carolina,9374.0,5678.0,788.0,525,63.0,6.0,0.0,16365.0,2017
201701,2017-01,South Dakota,2371.0,2803.0,303.0,133,0.0,0.0,0.0,5610.0,2017
201701,2017-01,Tennessee,23009.0,13583.0,1109.0,0,40.0,4.0,11.0,37701.0,2017
201701,2017-01,Texas,42697.0,31314.0,3040.0,2176,38.0,1.0,0.0,79227.0,2017
201701,2017-01,Utah,3031.0,2961.0,233.0,0,177.0,64.0,24.0,6225.0,2017
201701,2017-01,Vermont,1338.0,1214.0,74.0,60,0.0,0.0,0.0,2686.0,2017
201701,2017-01,Virgin Islands,17.0,9.0,0.0,1,0.0,0.0,0.0,27.0,2017
201701,2017-01,Virginia,21375.0,14319.0,820.0,0,7.0,2.0,0.0,36514.0,2017
201701,2017-01,Washington,15595.0,9913.0,1897.0,525,439.0,103.0,3.0,27930.0,2017
201701,2017-01,West Virginia,5837.0,4995.0,272.0,344,7.0,2.0,1.0,11448.0,2017
201701,2017-01,Wisconsin,12346.0,8888.0,758.0,29,45.0,24.0,6.0,22021.0,2017
201701,2017-01,Wyoming,1329.0,1433.0,109.0,73,0.0,0.0,0.0,2944.0,2017
201612,2016-12,Alabama,13733.0,17519.0,376.0,533,0.0,0.0,0.0,32161.0,2016
201612,2016-12,Alaska,4087.0,3698.0,243.0,191,15.0,8.0,0.0,8219.0,2016
201612,2016-12,Arizona,18024.0,13785.0,1180.0,703,80.0,10.0,0.0,33692.0,2016
201612,2016-12,Arkansas,9192.0,13433.0,277.0,385,0.0,0.0,0.0,23287.0,2016
201612,2016-12,California,63649.0,93224.0,77929.0,0,0.0,0.0,0.0,234802.0,2016
201612,2016-12,Colorado,25905.0,21134.0,1428.0,1426,155.0,47.0,0.0,49893.0,2016
201612,2016-12,Connecticut,8003.0,3153.0,119.0,0,0.0,0.0,0.0,11275.0,2016
201612,2016-12,Delaware,2689.0,2981.0,126.0,117,0.0,0.0,0.0,5913.0,2016
201612,2016-12,District of Columbia,60.0,5.0,0.0,2,0.0,0.0,0.0,67.0,2016
201612,2016-12,Florida,69842.0,39880.0,3488.0,2595,232.0,29.0,1.0,115805.0,2016
201612,2016-12,Georgia,23875.0,22613.0,598.0,844,0.0,0.0,0.0,47930.0,2016
201612,2016-12,Guam,105.0,51.0,8.0,8,0.0,0.0,0.0,172.0,2016
201612,2016-12,Hawaii,0.0,0.0,0.0,0,2.0,0.0,0.0,0.0,2016
201612,2016-12,Idaho,5471.0,7074.0,206.0,210,29.0,1.0,0.0,12961.0,2016
201612,2016-12,Illinois,29658.0,17164.0,0.0,1031,0.0,0.0,0.0,47853.0,2016
201612,2016-12,Indiana,30248.0,21688.0,1546.0,911,20.0,0.0,0.0,54393.0,2016
201612,2016-12,Iowa,391.0,4822.0,22.0,3,16.0,8.0,0.0,5238.0,2016
201612,2016-12,Kansas,8494.0,10473.0,450.0,415,7.0,3.0,1.0,19832.0,2016
201612,2016-12,Kentucky,17311.0,16766.0,371.0,673,3.0,2.0,0.0,35121.0,2016
201612,2016-12,Louisiana,18412.0,22848.0,992.0,901,0.0,0.0,0.0,43153.0,2016
201612,2016-12,Maine,4641.0,4713.0,322.0,187,11.0,4.0,0.0,9863.0,2016
201612,2016-12,Mariana Islands,0.0,0.0,0.0,0,0.0,0.0,0.0,0.0,2016
201612,2016-12,Maryland,4925.0,8870.0,211.0,33,26.0,15.0,0.0,14039.0,2016
201612,2016-12,Massachusetts,7050.0,3884.0,392.0,197,1.0,0.0,1.0,11523.0,2016
201612,2016-12,Michigan,14879.0,14328.0,550.0,245,56.0,14.0,1.0,30002.0,2016
201612,2016-12,Minnesota,12431.0,12851.0,930.0,426,15.0,5.0,1.0,26638.0,2016
201612,2016-12,Mississippi,13168.0,17231.0,366.0,529,0.0,0.0,0.0,31294.0,2016
201612,2016-12,Missouri,29770.0,27013.0,1507.0,1234,130.0,13.0,2.0,59524.0,2016
201612,2016-12,Montana,3822.0,5832.0,164.0,220,13.0,4.0,0.0,10038.0,2016
201612,2016-12,Nebraska,268.0,3697.0,27.0,6,2.0,2.0,0.0,3998.0,2016
201612,2016-12,Nevada,6783.0,4696.0,313.0,411,1.0,0.0,0.0,12203.0,2016
201612,2016-12,New Hampshire,6625.0,4225.0,183.0,1,75.0,22.0,0.0,11034.0,2016
201612,2016-12,New Jersey,5394.0,4979.0,204.0,0,0.0,0.0,0.0,10577.0,2016
201612,2016-12,New Mexico,7484.0,7149.0,467.0,331,37.0,0.0,0.0,15431.0,2016
201612,2016-12,New York,12074.0,22585.0,1029.0,248,0.0,4.0,1.0,35936.0,2016
201612,2016-12,North Carolina,2163.0,28023.0,907.0,285,0.0,0.0,0.0,31378.0,2016
201612,2016-12,North Dakota,1799.0,2927.0,108.0,81,0.0,0.0,0.0,4915.0,2016
201612,2016-12,Ohio,40996.0,29641.0,1877.0,1531,11.0,6.0,0.0,74045.0,2016
201612,2016-12,Oklahoma,17990.0,19418.0,1126.0,1060,0.0,0.0,0.0,39594.0,2016
201612,2016-12,Oregon,18931.0,16010.0,0.0,0,23.0,11.0,0.0,34941.0,2016
201612,2016-12,Pennsylvania,64220.0,18688.0,40.0,0,475.0,113.0,1.0,82948.0,2016
201612,2016-12,Puerto Rico,1334.0,256.0,37.0,28,0.0,0.0,0.0,1655.0,2016
201612,2016-12,Rhode Island,1283.0,953.0,72.0,210,10.0,1.0,3.0,2518.0,2016
201612,2016-12,South Carolina,15600.0,14782.0,809.0,425,34.0,4.0,0.0,31616.0,2016
201612,2016-12,South Dakota,3525.0,5131.0,299.0,220,0.0,0.0,0.0,9175.0,2016
201612,2016-12,Tennessee,36917.0,30997.0,1807.0,0,27.0,3.0,9.0,69721.0,2016
201612,2016-12,Texas,69163.0,69272.0,3641.0,3208,54.0,2.0,0.0,145284.0,2016
201612,2016-12,Utah,6428.0,9257.0,341.0,0,187.0,69.0,37.0,16026.0,2016
201612,2016-12,Vermont,1802.0,1998.0,99.0,74,0.0,0.0,0.0,3973.0,2016
201612,2016-12,Virgin Islands,15.0,5.0,0.0,0,0.0,0.0,0.0,20.0,2016
201612,2016-12,Virginia,32572.0,27619.0,1308.0,0,4.0,1.0,0.0,61499.0,2016
201612,2016-12,Washington,21835.0,16484.0,1949.0,706,417.0,79.0,9.0,40974.0,2016
201612,2016-12,West Virginia,10869.0,11628.0,338.0,543,7.0,0.0,1.0,23378.0,2016
201612,2016-12,Wisconsin,16521.0,15036.0,818.0,37,23.0,15.0,1.0,32412.0,2016
201612,2016-12,Wyoming,2540.0,2984.0,110.0,119,0.0,1.0,0.0,5753.0,2016
201611,2016-11,Alabama,10214.0,13470.0,388.0,599,0.0,0.0,0.0,24671.0,2016
201611,2016-11,Alaska,3396.0,4019.0,316.0,249,19.0,5.0,0.0,7980.0,2016
201611,2016-11,Arizona,14850.0,11994.0,1288.0,829,98.0,15.0,0.0,28961.0,2016
201611,2016-11,Arkansas,7226.0,11866.0,268.0,449,0.0,0.0,0.0,19809.0,2016
201611,2016-11,California,56932.0,82554.0,30133.0,0,0.0,0.0,0.0,169619.0,2016
201611,2016-11,Colorado,24052.0,19794.0,1658.0,1553,200.0,32.0,0.0,47057.0,2016
201611,2016-11,Connecticut,7063.0,3258.0,135.0,0,0.0,0.0,0.0,10456.0,2016
201611,2016-11,Delaware,2490.0,2751.0,124.0,106,0.0,0.0,0.0,5471.0,2016
201611,2016-11,District of Columbia,49.0,5.0,0.0,1,0.0,0.0,0.0,55.0,2016
201611,2016-11,Florida,62351.0,35718.0,3676.0,2701,236.0,36.0,0.0,104446.0,2016
201611,2016-11,Georgia,18011.0,16759.0,556.0,803,0.0,0.0,0.0,36129.0,2016
201611,2016-11,Guam,104.0,54.0,14.0,4,0.0,0.0,0.0,176.0,2016
201611,2016-11,Hawaii,0.0,0.0,0.0,0,0.0,0.0,0.0,0.0,2016
201611,2016-11,Idaho,4711.0,6175.0,325.0,232,21.0,4.0,2.0,11443.0,2016
201611,2016-11,Illinois,28463.0,19005.0,0.0,1206,0.0,0.0,0.0,48674.0,2016
201611,2016-11,Indiana,25246.0,23336.0,1521.0,912,9.0,0.0,0.0,51015.0,2016
201611,2016-11,Iowa,399.0,5112.0,38.0,13,13.0,14.0,0.0,5562.0,2016
201611,2016-11,Kansas,8136.0,9854.0,537.0,493,21.0,4.0,1.0,19020.0,2016
201611,2016-11,Kentucky,12847.0,14844.0,329.0,640,5.0,3.0,0.0,28660.0,2016
201611,2016-11,Louisiana,14674.0,18349.0,938.0,850,0.0,0.0,0.0,34811.0,2016
201611,2016-11,Maine,4135.0,5097.0,283.0,196,9.0,9.0,0.0,9711.0,2016
201611,2016-11,Mariana Islands,0.0,4.0,0.0,0,0.0,0.0,0.0,4.0,2016
201611,2016-11,Maryland,5356.0,9509.0,220.0,38,36.0,25.0,0.0,15123.0,2016
201611,2016-11,Massachusetts,7117.0,4783.0,350.0,197,0.0,0.0,0.0,12447.0,2016
201611,2016-11,Michigan,15803.0,18241.0,656.0,333,78.0,16.0,0.0,35033.0,2016
201611,2016-11,Minnesota,12338.0,15597.0,907.0,444,18.0,9.0,0.0,29286.0,2016
201611,2016-11,Mississippi,9382.0,13481.0,356.0,528,0.0,0.0,0.0,23747.0,2016
201611,2016-11,Missouri,23719.0,26338.0,1473.0,1297,100.0,7.0,1.0,52827.0,2016
201611,2016-11,Montana,3093.0,5546.0,233.0,231,18.0,5.0,0.0,9103.0,2016
201611,2016-11,Nebraska,216.0,3688.0,22.0,12,3.0,4.0,0.0,3938.0,2016
201611,2016-11,Nevada,6338.0,4291.0,352.0,436,0.0,0.0,0.0,11417.0,2016
201611,2016-11,New Hampshire,6283.0,4822.0,237.0,4,70.0,3.0,3.0,11346.0,2016
201611,2016-11,New Jersey,5398.0,5720.0,199.0,0,0.0,0.0,0.0,11317.0,2016
201611,2016-11,New Mexico,6153.0,6034.0,490.0,356,42.0,0.0,0.0,13033.0,2016
201611,2016-11,New York,11157.0,25229.0,1245.0,248,0.0,7.0,0.0,37879.0,2016
201611,2016-11,North Carolina,1709.0,23215.0,939.0,262,0.0,0.0,0.0,26125.0,2016
201611,2016-11,North Dakota,1827.0,3546.0,104.0,98,0.0,0.0,0.0,5575.0,2016
201611,2016-11,Ohio,37304.0,32312.0,1977.0,1694,19.0,7.0,3.0,73287.0,2016
201611,2016-11,Oklahoma,16348.0,17019.0,1274.0,1088,0.0,0.0,0.0,35729.0,2016
201611,2016-11,Oregon,17013.0,15711.0,0.0,0,0.0,0.0,0.0,32724.0,2016
201611,2016-11,Pennsylvania,66188.0,20487.0,42.0,0,510.0,146.0,0.0,86717.0,2016
201611,2016-11,Puerto Rico,1323.0,204.0,26.0,34,0.0,0.0,0.0,1587.0,2016
201611,2016-11,Rhode Island,1271.0,1065.0,94.0,201,11.0,3.0,4.0,2631.0,2016
201611,2016-11,South Carolina,12839.0,11547.0,616.0,558,71.0,7.0,0.0,25560.0,2016
201611,2016-11,South Dakota,3456.0,5677.0,374.0,209,0.0,0.0,0.0,9716.0,2016
201611,2016-11,Tennessee,29502.0,25976.0,1719.0,0,33.0,11.0,6.0,57197.0,2016
201611,2016-11,Texas,58778.0,56057.0,3610.0,3760,49.0,2.0,0.0,122205.0,2016
201611,2016-11,Utah,5232.0,7021.0,374.0,0,134.0,64.0,12.0,12627.0,2016
201611,2016-11,Vermont,1342.0,1975.0,109.0,73,0.0,0.0,0.0,3499.0,2016
201611,2016-11,Virgin Islands,17.0,5.0,0.0,0,0.0,0.0,0.0,22.0,2016
201611,2016-11,Virginia,29544.0,26823.0,1298.0,0,2.0,0.0,0.0,57665.0,2016
201611,2016-11,Washington,19534.0,16266.0,2243.0,808,397.0,113.0,7.0,38851.0,2016
201611,2016-11,West Virginia,7824.0,11134.0,333.0,465,10.0,1.0,2.0,19756.0,2016
201611,2016-11,Wisconsin,17580.0,19631.0,883.0,34,33.0,27.0,0.0,38128.0,2016
201611,2016-11,Wyoming,2097.0,2691.0,136.0,125,0.0,0.0,0.0,5049.0,2016
201610,2016-10,Alabama,7757.0,8865.0,403.0,429,0.0,0.0,0.0,17454.0,2016
201610,2016-10,Alaska,3906.0,3949.0,347.0,274,22.0,11.0,0.0,8476.0,2016
201610,2016-10,Arizona,12405.0,9382.0,1224.0,681,95.0,7.0,0.0,23692.0,2016
201610,2016-10,Arkansas,5607.0,8235.0,309.0,373,0.0,0.0,0.0,14524.0,2016
201610,2016-10,California,45785.0,54333.0,19226.0,0,0.0,0.0,0.0,119344.0,2016
201610,2016-10,Colorado,20343.0,16962.0,1701.0,1329,220.0,31.0,0.0,40335.0,2016
201610,2016-10,Connecticut,6374.0,2698.0,148.0,0,0.0,0.0,0.0,9220.0,2016
201610,2016-10,Delaware,2070.0,2082.0,119.0,107,0.0,0.0,0.0,4378.0,2016
201610,2016-10,District of Columbia,59.0,2.0,0.0,0,0.0,0.0,0.0,61.0,2016
201610,2016-10,Florida,50003.0,27010.0,3908.0,2302,205.0,39.0,3.0,83223.0,2016
201610,2016-10,Georgia,13799.0,12262.0,592.0,664,0.0,0.0,0.0,27317.0,2016
201610,2016-10,Guam,127.0,72.0,17.0,4,0.0,0.0,0.0,220.0,2016
201610,2016-10,Hawaii,0.0,0.0,0.0,0,5.0,3.0,0.0,0.0,2016
201610,2016-10,Idaho,3913.0,5787.0,270.0,208,27.0,13.0,0.0,10178.0,2016
201610,2016-10,Illinois,33986.0,14739.0,0.0,1090,0.0,0.0,0.0,49815.0,2016
201610,2016-10,Indiana,21058.0,16857.0,1725.0,829,11.0,0.0,0.0,40469.0,2016
201610,2016-10,Iowa,221.0,3557.0,25.0,11,9.0,8.0,5.0,3814.0,2016
201610,2016-10,Kansas,6527.0,6775.0,534.0,418,15.0,3.0,0.0,14254.0,2016
201610,2016-10,Kentucky,10111.0,10030.0,354.0,519,2.0,0.0,0.0,21014.0,2016
201610,2016-10,Louisiana,11865.0,13673.0,1043.0,679,0.0,0.0,0.0,27260.0,2016
201610,2016-10,Maine,4320.0,6926.0,319.0,435,10.0,10.0,0.0,12000.0,2016
201610,2016-10,Mariana Islands,0.0,1.0,0.0,0,0.0,0.0,0.0,1.0,2016
201610,2016-10,Maryland,4280.0,6786.0,180.0,32,29.0,10.0,0.0,11278.0,2016
201610,2016-10,Massachusetts,6415.0,3680.0,344.0,198,2.0,0.0,0.0,10637.0,2016
201610,2016-10,Michigan,12680.0,13539.0,618.0,287,96.0,12.0,0.0,27124.0,2016
201610,2016-10,Minnesota,11394.0,18553.0,1024.0,511,9.0,9.0,0.0,31482.0,2016
201610,2016-10,Mississippi,7564.0,8323.0,350.0,406,0.0,0.0,0.0,16643.0,2016
201610,2016-10,Missouri,21994.0,20919.0,1633.0,1196,102.0,18.0,2.0,45742.0,2016
201610,2016-10,Montana,3035.0,6689.0,213.0,271,12.0,5.0,2.0,10208.0,2016
201610,2016-10,Nebraska,144.0,2817.0,24.0,8,2.0,1.0,0.0,2993.0,2016
201610,2016-10,Nevada,5614.0,3471.0,350.0,378,2.0,1.0,0.0,9813.0,2016
201610,2016-10,New Hampshire,5968.0,4672.0,258.0,4,56.0,7.0,2.0,10902.0,2016
201610,2016-10,New Jersey,5391.0,4567.0,217.0,0,0.0,0.0,0.0,10175.0,2016
201610,2016-10,New Mexico,5449.0,4826.0,470.0,282,49.0,0.0,0.0,11027.0,2016
201610,2016-10,New York,10820.0,21094.0,1117.0,219,0.0,1.0,0.0,33250.0,2016
201610,2016-10,North Carolina,1353.0,15980.0,1042.0,217,0.0,0.0,0.0,18592.0,2016
201610,2016-10,North Dakota,1674.0,4451.0,125.0,113,0.0,0.0,0.0,6363.0,2016
201610,2016-10,Ohio,30593.0,21991.0,2592.0,1521,40.0,13.0,4.0,56697.0,2016
201610,2016-10,Oklahoma,11560.0,11325.0,1127.0,852,0.0,0.0,0.0,24864.0,2016
201610,2016-10,Oregon,14749.0,13412.0,0.0,0,0.0,0.0,0.0,28161.0,2016
201610,2016-10,Pennsylvania,56836.0,16223.0,40.0,0,462.0,114.0,2.0,73099.0,2016
201610,2016-10,Puerto Rico,1165.0,194.0,40.0,25,0.0,0.0,0.0,1424.0,2016
201610,2016-10,Rhode Island,1162.0,950.0,94.0,214,10.0,3.0,2.0,2420.0,2016
201610,2016-10,South Carolina,9270.0,7797.0,598.0,396,41.0,3.0,0.0,18061.0,2016
201610,2016-10,South Dakota,3127.0,6859.0,368.0,242,0.0,0.0,0.0,10596.0,2016
201610,2016-10,Tennessee,23542.0,18514.0,1485.0,74,37.0,12.0,8.0,43615.0,2016
201610,2016-10,Texas,46518.0,44519.0,3763.0,2901,36.0,0.0,0.0,97701.0,2016
201610,2016-10,Utah,3588.0,4603.0,345.0,0,115.0,59.0,18.0,8536.0,2016
201610,2016-10,Vermont,1485.0,2099.0,99.0,84,0.0,0.0,0.0,3767.0,2016
201610,2016-10,Virgin Islands,16.0,13.0,0.0,0,0.0,0.0,0.0,29.0,2016
201610,2016-10,Virginia,24337.0,20433.0,1269.0,0,4.0,3.0,0.0,46039.0,2016
201610,2016-10,Washington,18601.0,15455.0,2650.0,745,427.0,133.0,7.0,37451.0,2016
201610,2016-10,West Virginia,6721.0,7737.0,353.0,405,7.0,0.0,1.0,15216.0,2016
201610,2016-10,Wisconsin,15514.0,17376.0,946.0,52,34.0,25.0,0.0,33888.0,2016
201610,2016-10,Wyoming,1709.0,2307.0,127.0,116,0.0,0.0,0.0,4259.0,2016
201609,2016-09,Alabama,7125.0,8449.0,319.0,372,0.0,0.0,0.0,16265.0,2016
201609,2016-09,Alaska,2654.0,3126.0,180.0,181,19.0,11.0,0.0,6141.0,2016
201609,2016-09,Arizona,11769.0,8951.0,1086.0,639,89.0,9.0,1.0,22445.0,2016
201609,2016-09,Arkansas,4802.0,6284.0,231.0,324,0.0,0.0,0.0,11641.0,2016
201609,2016-09,California,39213.0,43015.0,13548.0,0,0.0,0.0,0.0,95776.0,2016
201609,2016-09,Colorado,17390.0,14521.0,1143.0,1136,190.0,40.0,0.0,34190.0,2016
201609,2016-09,Connecticut,5424.0,2472.0,104.0,0,0.0,0.0,0.0,8000.0,2016
201609,2016-09,Delaware,1759.0,1894.0,76.0,84,0.0,0.0,0.0,3813.0,2016
201609,2016-09,District of Columbia,46.0,4.0,0.0,2,0.0,0.0,0.0,52.0,2016
201609,2016-09,Florida,45848.0,22439.0,3359.0,1891,159.0,23.0,1.0,73537.0,2016
201609,2016-09,Georgia,12258.0,9766.0,456.0,513,0.0,0.0,0.0,22993.0,2016
201609,2016-09,Guam,99.0,63.0,25.0,2,0.0,0.0,0.0,189.0,2016
201609,2016-09,Hawaii,0.0,0.0,0.0,0,4.0,6.0,0.0,0.0,2016
201609,2016-09,Idaho,3124.0,5230.0,234.0,211,41.0,5.0,0.0,8799.0,2016
201609,2016-09,Illinois,20298.0,11876.0,0.0,773,0.0,0.0,0.0,32947.0,2016
201609,2016-09,Indiana,17402.0,13402.0,1291.0,636,25.0,0.0,2.0,32731.0,2016
201609,2016-09,Iowa,154.0,2694.0,26.0,8,10.0,7.0,1.0,2882.0,2016
201609,2016-09,Kansas,4903.0,5614.0,371.0,288,15.0,12.0,2.0,11176.0,2016
201609,2016-09,Kentucky,8917.0,8172.0,257.0,590,4.0,0.0,0.0,17936.0,2016
201609,2016-09,Louisiana,12875.0,13747.0,768.0,790,0.0,0.0,0.0,28180.0,2016
201609,2016-09,Maine,3841.0,5203.0,222.0,298,16.0,6.0,0.0,9564.0,2016
201609,2016-09,Mariana Islands,0.0,1.0,0.0,0,0.0,0.0,0.0,1.0,2016
201609,2016-09,Maryland,3626.0,5428.0,135.0,20,32.0,9.0,0.0,9209.0,2016
201609,2016-09,Massachusetts,5584.0,3210.0,327.0,150,0.0,0.0,0.0,9271.0,2016
201609,2016-09,Michigan,10056.0,11311.0,477.0,235,97.0,23.0,0.0,22079.0,2016
201609,2016-09,Minnesota,9548.0,16213.0,695.0,413,11.0,4.0,0.0,26869.0,2016
201609,2016-09,Mississippi,6904.0,6592.0,276.0,377,0.0,0.0,0.0,14149.0,2016
201609,2016-09,Missouri,17808.0,15528.0,1323.0,949,136.0,18.0,0.0,35608.0,2016
201609,2016-09,Montana,2702.0,5404.0,167.0,227,9.0,2.0,0.0,8500.0,2016
201609,2016-09,Nebraska,104.0,2144.0,19.0,4,5.0,1.0,0.0,2271.0,2016
201609,2016-09,Nevada,4281.0,2764.0,262.0,272,0.0,0.0,0.0,7579.0,2016
201609,2016-09,New Hampshire,5100.0,3766.0,184.0,4,85.0,2.0,1.0,9054.0,2016
201609,2016-09,New Jersey,5249.0,3864.0,196.0,0,0.0,0.0,0.0,9309.0,2016
201609,2016-09,New Mexico,4793.0,4277.0,368.0,286,34.0,0.0,0.0,9724.0,2016
201609,2016-09,New York,9700.0,17804.0,884.0,208,0.0,4.0,0.0,28596.0,2016
201609,2016-09,North Carolina,1068.0,14018.0,722.0,245,0.0,0.0,0.0,16053.0,2016
201609,2016-09,North Dakota,1273.0,3381.0,99.0,84,0.0,0.0,0.0,4837.0,2016
201609,2016-09,Ohio,24297.0,18038.0,1573.0,1121,28.0,6.0,0.0,45029.0,2016
201609,2016-09,Oklahoma,9638.0,10003.0,860.0,819,0.0,0.0,0.0,21320.0,2016
201609,2016-09,Oregon,13325.0,13046.0,0.0,0,0.0,0.0,0.0,26371.0,2016
201609,2016-09,Pennsylvania,46101.0,12697.0,31.0,0,429.0,109.0,1.0,58829.0,2016
201609,2016-09,Puerto Rico,1110.0,213.0,28.0,24,0.0,0.0,0.0,1375.0,2016
201609,2016-09,Rhode Island,1031.0,767.0,62.0,168,9.0,5.0,3.0,2028.0,2016
201609,2016-09,South Carolina,8725.0,7088.0,483.0,352,33.0,4.0,0.0,16648.0,2016
201609,2016-09,South Dakota,2530.0,4663.0,178.0,179,0.0,0.0,0.0,7550.0,2016
201609,2016-09,Tennessee,20721.0,15120.0,0.0,1141,41.0,6.0,5.0,36982.0,2016
201609,2016-09,Texas,37858.0,42308.0,2888.0,2436,32.0,2.0,1.0,85490.0,2016
201609,2016-09,Utah,2918.0,4440.0,278.0,0,160.0,128.0,36.0,7636.0,2016
201609,2016-09,Vermont,1233.0,1701.0,96.0,96,0.0,0.0,0.0,3126.0,2016
201609,2016-09,Virgin Islands,25.0,7.0,0.0,1,0.0,0.0,0.0,33.0,2016
201609,2016-09,Virginia,20325.0,16687.0,954.0,0,8.0,1.0,0.0,37966.0,2016
201609,2016-09,Washington,15261.0,13621.0,2203.0,684,397.0,111.0,5.0,31769.0,2016
201609,2016-09,West Virginia,6122.0,6495.0,256.0,436,7.0,1.0,2.0,13309.0,2016
201609,2016-09,Wisconsin,13271.0,14796.0,691.0,33,31.0,24.0,2.0,28791.0,2016
201609,2016-09,Wyoming,1521.0,2207.0,90.0,98,0.0,0.0,0.0,3916.0,2016
201608,2016-08,Alabama,8243.0,7808.0,352.0,384,0.0,0.0,0.0,16787.0,2016
201608,2016-08,Alaska,2725.0,3484.0,183.0,202,24.0,12.0,0.0,6594.0,2016
201608,2016-08,Arizona,12069.0,8601.0,1084.0,617,111.0,17.0,0.0,22371.0,2016
201608,2016-08,Arkansas,5666.0,6108.0,207.0,333,0.0,0.0,0.0,12314.0,2016
201608,2016-08,California,43344.0,43552.0,13186.0,0,0.0,0.0,0.0,100082.0,2016
201608,2016-08,Colorado,18116.0,14054.0,1204.0,1078,254.0,52.0,0.0,34452.0,2016
201608,2016-08,Connecticut,9929.0,3941.0,230.0,0,0.0,0.0,0.0,14100.0,2016
201608,2016-08,Delaware,1662.0,1562.0,96.0,80,0.0,0.0,0.0,3400.0,2016
201608,2016-08,District of Columbia,56.0,3.0,0.0,1,0.0,0.0,0.0,60.0,2016
201608,2016-08,Florida,49867.0,23359.0,3572.0,1877,103.0,20.0,0.0,78675.0,2016
201608,2016-08,Georgia,12627.0,9187.0,556.0,513,0.0,0.0,0.0,22883.0,2016
201608,2016-08,Guam,95.0,54.0,16.0,5,0.0,0.0,0.0,170.0,2016
201608,2016-08,Hawaii,0.0,0.0,0.0,0,3.0,4.0,0.0,0.0,2016
201608,2016-08,Idaho,3194.0,4214.0,177.0,187,25.0,9.0,0.0,7772.0,2016
201608,2016-08,Illinois,60745.0,30602.0,0.0,1963,0.0,0.0,0.0,93310.0,2016
201608,2016-08,Indiana,18906.0,13606.0,1238.0,596,18.0,0.0,0.0,34346.0,2016
201608,2016-08,Iowa,182.0,2345.0,22.0,3,20.0,2.0,1.0,2552.0,2016
201608,2016-08,Kansas,4987.0,5437.0,404.0,283,11.0,4.0,6.0,11111.0,2016
201608,2016-08,Kentucky,8842.0,7187.0,281.0,445,12.0,4.0,0.0,16755.0,2016
201608,2016-08,Louisiana,13082.0,10527.0,971.0,845,0.0,0.0,0.0,25425.0,2016
201608,2016-08,Maine,3294.0,3546.0,239.0,172,9.0,8.0,0.0,7251.0,2016
201608,2016-08,Mariana Islands,0.0,2.0,1.0,0,0.0,0.0,0.0,3.0,2016
201608,2016-08,Maryland,4249.0,5109.0,89.0,23,37.0,17.0,0.0,9470.0,2016
201608,2016-08,Massachusetts,5601.0,2915.0,340.0,190,0.0,1.0,0.0,9046.0,2016
201608,2016-08,Michigan,10650.0,9117.0,458.0,202,62.0,10.0,0.0,20427.0,2016
201608,2016-08,Minnesota,9391.0,11884.0,694.0,381,8.0,10.0,1.0,22350.0,2016
201608,2016-08,Mississippi,11193.0,9085.0,412.0,600,0.0,0.0,0.0,21290.0,2016
201608,2016-08,Missouri,18394.0,15365.0,1418.0,953,163.0,13.0,3.0,36130.0,2016
201608,2016-08,Montana,2882.0,4487.0,162.0,224,16.0,3.0,3.0,7755.0,2016
201608,2016-08,Nebraska,126.0,1805.0,19.0,2,6.0,3.0,0.0,1952.0,2016
201608,2016-08,Nevada,4676.0,2629.0,246.0,274,0.0,0.0,0.0,7825.0,2016
201608,2016-08,New Hampshire,4732.0,3421.0,182.0,8,44.0,1.0,3.0,8343.0,2016
201608,2016-08,New Jersey,5541.0,3962.0,225.0,0,0.0,0.0,0.0,9728.0,2016
201608,2016-08,New Mexico,5170.0,4224.0,316.0,321,51.0,0.0,0.0,10031.0,2016
201608,2016-08,New York,10716.0,14278.0,961.0,187,0.0,0.0,0.0,26142.0,2016
201608,2016-08,North Carolina,1208.0,12513.0,755.0,180,0.0,0.0,0.0,14656.0,2016
201608,2016-08,North Dakota,1284.0,2601.0,92.0,69,0.0,0.0,0.0,4046.0,2016
201608,2016-08,Ohio,26261.0,17526.0,1626.0,1160,32.0,5.0,0.0,46573.0,2016
201608,2016-08,Oklahoma,10881.0,9762.0,1008.0,788,0.0,0.0,0.0,22439.0,2016
201608,2016-08,Oregon,12661.0,10173.0,0.0,0,0.0,0.0,0.0,22834.0,2016
201608,2016-08,Pennsylvania,46155.0,11700.0,4.0,0,572.0,129.0,1.0,57859.0,2016
201608,2016-08,Puerto Rico,1073.0,234.0,21.0,24,0.0,0.0,0.0,1352.0,2016
201608,2016-08,Rhode Island,1039.0,770.0,104.0,145,8.0,1.0,4.0,2058.0,2016
201608,2016-08,South Carolina,8828.0,6906.0,494.0,330,35.0,4.0,1.0,16558.0,2016
201608,2016-08,South Dakota,2387.0,3559.0,202.0,133,0.0,0.0,0.0,6281.0,2016
201608,2016-08,Tennessee,22737.0,16198.0,0.0,1190,59.0,8.0,5.0,40125.0,2016
201608,2016-08,Texas,42302.0,40269.0,3137.0,2347,64.0,13.0,1.0,88055.0,2016
201608,2016-08,Utah,2917.0,3503.0,277.0,0,291.0,168.0,56.0,6697.0,2016
201608,2016-08,Vermont,1269.0,1296.0,108.0,47,0.0,0.0,0.0,2720.0,2016
201608,2016-08,Virgin Islands,29.0,6.0,0.0,0,0.0,0.0,0.0,35.0,2016
201608,2016-08,Virginia,21108.0,15802.0,978.0,0,1.0,2.0,0.0,37888.0,2016
201608,2016-08,Washington,15083.0,11376.0,1622.0,606,422.0,95.0,8.0,28687.0,2016
201608,2016-08,West Virginia,6916.0,5283.0,243.0,345,6.0,0.0,1.0,12787.0,2016
201608,2016-08,Wisconsin,14764.0,12079.0,709.0,43,46.0,15.0,4.0,27595.0,2016
201608,2016-08,Wyoming,1721.0,2079.0,105.0,96,0.0,1.0,0.0,4001.0,2016
201607,2016-07,Alabama,10132.0,7392.0,538.0,465,0.0,0.0,0.0,18527.0,2016
201607,2016-07,Alaska,2898.0,2816.0,239.0,165,20.0,16.0,0.0,6118.0,2016
201607,2016-07,Arizona,13693.0,8643.0,1283.0,642,103.0,13.0,0.0,24261.0,2016
201607,2016-07,Arkansas,6323.0,5053.0,325.0,367,0.0,0.0,0.0,12068.0,2016
201607,2016-07,California,46361.0,47594.0,17297.0,0,0.0,0.0,0.0,111252.0,2016
201607,2016-07,Colorado,18765.0,15176.0,1505.0,1054,191.0,31.0,0.0,36500.0,2016
201607,2016-07,Connecticut,11328.0,4015.0,252.0,0,0.0,0.0,0.0,15595.0,2016
201607,2016-07,Delaware,1859.0,1569.0,140.0,74,0.0,0.0,0.0,3642.0,2016
201607,2016-07,District of Columbia,57.0,1.0,0.0,2,0.0,0.0,0.0,60.0,2016
201607,2016-07,Florida,57902.0,28000.0,4504.0,2324,99.0,7.0,1.0,92730.0,2016
201607,2016-07,Georgia,15342.0,8597.0,635.0,632,0.0,0.0,0.0,25206.0,2016
201607,2016-07,Guam,94.0,56.0,16.0,7,0.0,0.0,0.0,173.0,2016
201607,2016-07,Hawaii,0.0,0.0,0.0,0,1.0,1.0,0.0,0.0,2016
201607,2016-07,Idaho,3592.0,3576.0,247.0,203,15.0,2.0,0.0,7618.0,2016
201607,2016-07,Illinois,21421.0,11881.0,0.0,881,0.0,0.0,0.0,34183.0,2016
201607,2016-07,Indiana,19508.0,12191.0,1600.0,644,4.0,0.0,1.0,33943.0,2016
201607,2016-07,Iowa,186.0,2227.0,27.0,1,17.0,9.0,0.0,2441.0,2016
201607,2016-07,Kansas,6075.0,4942.0,462.0,329,7.0,5.0,1.0,11808.0,2016
201607,2016-07,Kentucky,9378.0,6615.0,321.0,534,4.0,3.0,0.0,16848.0,2016
201607,2016-07,Louisiana,21637.0,12252.0,1453.0,1031,0.0,0.0,0.0,36373.0,2016
201607,2016-07,Maine,3426.0,3026.0,266.0,166,9.0,10.0,1.0,6884.0,2016
201607,2016-07,Mariana Islands,0.0,1.0,0.0,0,0.0,0.0,0.0,1.0,2016
201607,2016-07,Maryland,3973.0,5505.0,105.0,35,31.0,8.0,0.0,9618.0,2016
201607,2016-07,Massachusetts,6257.0,5108.0,1498.0,439,0.0,0.0,0.0,13302.0,2016
201607,2016-07,Michigan,11308.0,8095.0,510.0,239,62.0,12.0,1.0,20152.0,2016
201607,2016-07,Minnesota,9743.0,9207.0,913.0,373,9.0,3.0,0.0,20236.0,2016
201607,2016-07,Mississippi,10425.0,6125.0,436.0,459,0.0,0.0,0.0,17445.0,2016
201607,2016-07,Missouri,20791.0,13575.0,1698.0,981,113.0,25.0,1.0,37045.0,2016
201607,2016-07,Montana,2894.0,3882.0,218.0,194,10.0,1.0,1.0,7188.0,2016
201607,2016-07,Nebraska,93.0,1529.0,27.0,5,6.0,0.0,0.0,1654.0,2016
201607,2016-07,Nevada,5194.0,3006.0,328.0,308,0.0,0.0,0.0,8836.0,2016
201607,2016-07,New Hampshire,5200.0,3716.0,181.0,3,62.0,1.0,0.0,9100.0,2016
201607,2016-07,New Jersey,5708.0,4155.0,211.0,0,0.0,0.0,0.0,10074.0,2016
201607,2016-07,New Mexico,5380.0,3966.0,475.0,300,36.0,0.0,0.0,10121.0,2016
201607,2016-07,New York,10900.0,13073.0,1131.0,204,0.0,1.0,0.0,25308.0,2016
201607,2016-07,North Carolina,1157.0,12487.0,1025.0,215,0.0,0.0,0.0,14884.0,2016
201607,2016-07,North Dakota,1333.0,2457.0,116.0,64,0.0,0.0,0.0,3970.0,2016
201607,2016-07,Ohio,27876.0,17720.0,2166.0,1232,20.0,2.0,0.0,48994.0,2016
201607,2016-07,Oklahoma,11750.0,8792.0,1139.0,752,0.0,0.0,0.0,22433.0,2016
201607,2016-07,Oregon,14284.0,10507.0,0.0,0,0.0,0.0,0.0,24791.0,2016
201607,2016-07,Pennsylvania,46843.0,11793.0,19.0,0,421.0,97.0,0.0,58655.0,2016
201607,2016-07,Puerto Rico,1038.0,234.0,31.0,20,0.0,0.0,0.0,1323.0,2016
201607,2016-07,Rhode Island,1133.0,951.0,101.0,155,2.0,2.0,2.0,2340.0,2016
201607,2016-07,South Carolina,9967.0,5880.0,707.0,361,43.0,1.0,0.0,16915.0,2016
201607,2016-07,South Dakota,2490.0,3004.0,277.0,135,0.0,0.0,0.0,5906.0,2016
201607,2016-07,Tennessee,26276.0,16118.0,0.0,1374,27.0,5.0,5.0,43768.0,2016
201607,2016-07,Texas,50499.0,34266.0,4046.0,2698,67.0,2.0,1.0,91509.0,2016
201607,2016-07,Utah,3381.0,3328.0,276.0,102,118.0,40.0,39.0,7087.0,2016
201607,2016-07,Vermont,1293.0,1201.0,117.0,57,0.0,0.0,0.0,2668.0,2016
201607,2016-07,Virgin Islands,21.0,2.0,0.0,1,0.0,0.0,0.0,24.0,2016
201607,2016-07,Virginia,24671.0,16731.0,1064.0,0,4.0,2.0,0.0,42466.0,2016
201607,2016-07,Washington,15652.0,11536.0,2118.0,653,367.0,99.0,7.0,29959.0,2016
201607,2016-07,West Virginia,6417.0,5134.0,313.0,403,9.0,4.0,0.0,12267.0,2016
201607,2016-07,Wisconsin,13182.0,9870.0,847.0,38,24.0,27.0,4.0,23937.0,2016
201607,2016-07,Wyoming,1619.0,1769.0,131.0,99,0.0,0.0,0.0,3618.0,2016
201606,2016-06,Alabama,9146.0,7273.0,555.0,431,0.0,0.0,0.0,17405.0,2016
201606,2016-06,Alaska,2987.0,3204.0,286.0,185,29.0,9.0,0.0,6662.0,2016
201606,2016-06,Arizona,12942.0,8614.0,1345.0,685,97.0,10.0,0.0,23586.0,2016
201606,2016-06,Arkansas,5454.0,4574.0,330.0,333,0.0,0.0,0.0,10691.0,2016
201606,2016-06,California,43042.0,37512.0,10673.0,0,0.0,0.0,0.0,91227.0,2016
201606,2016-06,Colorado,17790.0,15115.0,1676.0,1061,181.0,26.0,2.0,35642.0,2016
201606,2016-06,Connecticut,12011.0,3974.0,307.0,0,0.0,0.0,0.0,16292.0,2016
201606,2016-06,Delaware,1842.0,1621.0,125.0,93,0.0,0.0,0.0,3681.0,2016
201606,2016-06,District of Columbia,46.0,3.0,0.0,0,0.0,0.0,0.0,49.0,2016
201606,2016-06,Florida,55934.0,29501.0,5096.0,2428,115.0,6.0,1.0,92959.0,2016
201606,2016-06,Georgia,13307.0,7859.0,649.0,550,0.0,0.0,0.0,22365.0,2016
201606,2016-06,Guam,104.0,50.0,7.0,3,0.0,0.0,0.0,164.0,2016
201606,2016-06,Hawaii,0.0,0.0,0.0,0,3.0,7.0,1.0,0.0,2016
201606,2016-06,Idaho,3445.0,4143.0,282.0,192,21.0,2.0,0.0,8062.0,2016
201606,2016-06,Illinois,22277.0,12787.0,0.0,891,0.0,0.0,0.0,35955.0,2016
201606,2016-06,Indiana,18307.0,11949.0,1831.0,674,3.0,1.0,0.0,32761.0,2016
201606,2016-06,Iowa,129.0,2004.0,76.0,8,17.0,14.0,0.0,2217.0,2016
201606,2016-06,Kansas,5275.0,4447.0,523.0,306,10.0,2.0,0.0,10551.0,2016
201606,2016-06,Kentucky,8703.0,6584.0,438.0,499,5.0,5.0,0.0,16224.0,2016
201606,2016-06,Louisiana,12082.0,8428.0,1161.0,596,0.0,0.0,0.0,22267.0,2016
201606,2016-06,Maine,3433.0,2943.0,301.0,183,5.0,4.0,0.0,6860.0,2016
201606,2016-06,Mariana Islands,0.0,1.0,0.0,0,0.0,0.0,0.0,1.0,2016
201606,2016-06,Maryland,4288.0,4864.0,138.0,49,15.0,4.0,0.0,9339.0,2016
201606,2016-06,Massachusetts,5965.0,3404.0,990.0,241,1.0,0.0,0.0,10600.0,2016
201606,2016-06,Michigan,10335.0,8282.0,616.0,227,70.0,10.0,0.0,19460.0,2016
201606,2016-06,Minnesota,8880.0,9723.0,1215.0,433,5.0,4.0,0.0,20251.0,2016
201606,2016-06,Mississippi,7804.0,4692.0,346.0,369,0.0,0.0,0.0,13211.0,2016
201606,2016-06,Missouri,18770.0,13295.0,1813.0,958,158.0,28.0,2.0,34836.0,2016
201606,2016-06,Montana,2968.0,4379.0,234.0,171,12.0,3.0,0.0,7752.0,2016
201606,2016-06,Nebraska,107.0,1609.0,15.0,6,7.0,2.0,0.0,1737.0,2016
201606,2016-06,Nevada,4949.0,3114.0,358.0,279,0.0,0.0,0.0,8700.0,2016
201606,2016-06,New Hampshire,5166.0,3453.0,196.0,6,65.0,1.0,2.0,8821.0,2016
201606,2016-06,New Jersey,6266.0,4294.0,246.0,0,0.0,0.0,0.0,10806.0,2016
201606,2016-06,New Mexico,5336.0,4231.0,531.0,300,46.0,0.0,0.0,10398.0,2016
201606,2016-06,New York,10062.0,12213.0,1205.0,200,1.0,2.0,0.0,23680.0,2016
201606,2016-06,North Carolina,1181.0,11749.0,943.0,223,1.0,0.0,0.0,14096.0,2016
201606,2016-06,North Dakota,1312.0,2377.0,164.0,64,0.0,0.0,0.0,3917.0,2016
201606,2016-06,Ohio,24397.0,17086.0,2294.0,1203,17.0,4.0,1.0,44980.0,2016
201606,2016-06,Oklahoma,11933.0,8811.0,1415.0,802,0.0,0.0,0.0,22961.0,2016
201606,2016-06,Oregon,14054.0,11400.0,0.0,0,0.0,0.0,0.0,25454.0,2016
201606,2016-06,Pennsylvania,44677.0,11841.0,35.0,0,419.0,87.0,0.0,56553.0,2016
201606,2016-06,Puerto Rico,1025.0,214.0,36.0,18,0.0,0.0,0.0,1293.0,2016
201606,2016-06,Rhode Island,1146.0,862.0,85.0,173,4.0,0.0,0.0,2266.0,2016
201606,2016-06,South Carolina,9619.0,5599.0,680.0,348,28.0,11.0,0.0,16246.0,2016
201606,2016-06,South Dakota,2460.0,3139.0,309.0,143,0.0,0.0,0.0,6051.0,2016
201606,2016-06,Tennessee,22476.0,15194.0,0.0,1465,26.0,8.0,3.0,39135.0,2016
201606,2016-06,Texas,46816.0,33501.0,4013.0,2509,45.0,8.0,3.0,86839.0,2016
201606,2016-06,Utah,3433.0,3731.0,311.0,186,143.0,37.0,48.0,7661.0,2016
201606,2016-06,Vermont,1240.0,1225.0,131.0,85,0.0,0.0,0.0,2681.0,2016
201606,2016-06,Virgin Islands,24.0,7.0,0.0,1,0.0,0.0,0.0,32.0,2016
201606,2016-06,Virginia,20132.0,15480.0,993.0,0,3.0,0.0,0.0,36605.0,2016
201606,2016-06,Washington,17040.0,13267.0,2576.0,711,404.0,143.0,4.0,33594.0,2016
201606,2016-06,West Virginia,6602.0,4821.0,375.0,392,7.0,1.0,1.0,12190.0,2016
201606,2016-06,Wisconsin,12464.0,11144.0,1173.0,70,39.0,18.0,2.0,24851.0,2016
201606,2016-06,Wyoming,1638.0,2110.0,123.0,104,0.0,0.0,0.0,3975.0,2016
201605,2016-05,Alabama,7903.0,5256.0,254.0,294,0.0,0.0,0.0,13707.0,2016
201605,2016-05,Alaska,2582.0,2391.0,190.0,160,20.0,9.0,0.0,5323.0,2016
201605,2016-05,Arizona,10994.0,6539.0,880.0,529,114.0,13.0,0.0,18942.0,2016
201605,2016-05,Arkansas,4551.0,3596.0,137.0,224,0.0,0.0,0.0,8508.0,2016
201605,2016-05,California,38301.0,28723.0,6124.0,0,0.0,0.0,0.0,73148.0,2016
201605,2016-05,Colorado,16293.0,11252.0,934.0,921,161.0,25.0,2.0,29400.0,2016
201605,2016-05,Connecticut,9953.0,3362.0,212.0,0,0.0,0.0,0.0,13527.0,2016
201605,2016-05,Delaware,1722.0,1121.0,66.0,57,0.0,0.0,0.0,2966.0,2016
201605,2016-05,District of Columbia,47.0,6.0,0.0,0,0.0,0.0,0.0,53.0,2016
201605,2016-05,Florida,42845.0,17025.0,2625.0,1506,91.0,12.0,2.0,64001.0,2016
201605,2016-05,Georgia,10866.0,5510.0,361.0,420,0.0,0.0,0.0,17157.0,2016
201605,2016-05,Guam,119.0,56.0,8.0,10,0.0,0.0,0.0,193.0,2016
201605,2016-05,Hawaii,0.0,0.0,0.0,0,1.0,1.0,0.0,0.0,2016
201605,2016-05,Idaho,3132.0,3323.0,149.0,167,26.0,8.0,1.0,6771.0,2016
201605,2016-05,Illinois,19264.0,8686.0,0.0,598,0.0,0.0,0.0,28548.0,2016
201605,2016-05,Indiana,16842.0,9264.0,965.0,543,10.0,0.0,0.0,27614.0,2016
201605,2016-05,Iowa,121.0,1569.0,16.0,3,22.0,20.0,0.0,1709.0,2016
201605,2016-05,Kansas,4648.0,3553.0,281.0,263,2.0,2.0,0.0,8745.0,2016
201605,2016-05,Kentucky,8049.0,5244.0,222.0,414,2.0,2.0,0.0,13929.0,2016
201605,2016-05,Louisiana,9561.0,5788.0,668.0,406,0.0,0.0,0.0,16423.0,2016
201605,2016-05,Maine,3009.0,2464.0,142.0,141,11.0,12.0,0.0,5756.0,2016
201605,2016-05,Mariana Islands,0.0,1.0,0.0,0,0.0,0.0,0.0,1.0,2016
201605,2016-05,Maryland,4099.0,4148.0,130.0,21,38.0,9.0,0.0,8398.0,2016
201605,2016-05,Massachusetts,5278.0,2325.0,486.0,158,1.0,0.0,0.0,8247.0,2016
201605,2016-05,Michigan,9834.0,6490.0,344.0,162,57.0,17.0,2.0,16830.0,2016
201605,2016-05,Minnesota,8772.0,7638.0,637.0,340,4.0,14.0,0.0,17387.0,2016
201605,2016-05,Mississippi,7005.0,3541.0,215.0,317,0.0,0.0,0.0,11078.0,2016
201605,2016-05,Missouri,16909.0,10162.0,966.0,824,165.0,20.0,2.0,28861.0,2016
201605,2016-05,Montana,2724.0,3881.0,123.0,175,12.0,1.0,0.0,6903.0,2016
201605,2016-05,Nebraska,78.0,1277.0,9.0,5,5.0,4.0,1.0,1369.0,2016
201605,2016-05,Nevada,4365.0,2329.0,191.0,225,0.0,0.0,0.0,7110.0,2016
201605,2016-05,New Hampshire,4262.0,2645.0,137.0,5,63.0,4.0,1.0,7049.0,2016
201605,2016-05,New Jersey,6542.0,3027.0,201.0,0,0.0,0.0,0.0,9770.0,2016
201605,2016-05,New Mexico,4485.0,3269.0,327.0,224,40.0,0.0,0.0,8305.0,2016
201605,2016-05,New York,10118.0,10815.0,684.0,151,0.0,2.0,0.0,21768.0,2016
201605,2016-05,North Carolina,1119.0,8506.0,518.0,169,0.0,0.0,0.0,10312.0,2016
201605,2016-05,North Dakota,1186.0,1798.0,85.0,48,0.0,0.0,0.0,3117.0,2016
201605,2016-05,Ohio,26069.0,13219.0,1435.0,973,3.0,4.0,16.0,41696.0,2016
201605,2016-05,Oklahoma,10385.0,6490.0,779.0,686,0.0,0.0,0.0,18340.0,2016
201605,2016-05,Oregon,12038.0,9194.0,0.0,0,0.0,0.0,0.0,21232.0,2016
201605,2016-05,Pennsylvania,39963.0,8770.0,23.0,0,441.0,105.0,0.0,48756.0,2016
201605,2016-05,Puerto Rico,991.0,166.0,24.0,20,0.0,0.0,0.0,1201.0,2016
201605,2016-05,Rhode Island,936.0,536.0,28.0,113,4.0,0.0,2.0,1613.0,2016
201605,2016-05,South Carolina,7570.0,3922.0,363.0,241,19.0,1.0,0.0,12096.0,2016
201605,2016-05,South Dakota,2161.0,2666.0,191.0,151,0.0,0.0,0.0,5169.0,2016
201605,2016-05,Tennessee,19232.0,10394.0,0.0,941,24.0,3.0,10.0,30567.0,2016
201605,2016-05,Texas,39446.0,25424.0,2559.0,1919,26.0,4.0,1.0,69348.0,2016
201605,2016-05,Utah,3097.0,3067.0,235.0,162,132.0,56.0,64.0,6561.0,2016
201605,2016-05,Vermont,1096.0,1026.0,62.0,58,0.0,0.0,0.0,2242.0,2016
201605,2016-05,Virgin Islands,26.0,2.0,0.0,0,0.0,0.0,0.0,28.0,2016
201605,2016-05,Virginia,18183.0,10896.0,758.0,0,5.0,2.0,0.0,29837.0,2016
201605,2016-05,Washington,14601.0,9033.0,1334.0,504,379.0,112.0,9.0,25472.0,2016
201605,2016-05,West Virginia,6099.0,4179.0,232.0,350,7.0,0.0,0.0,10860.0,2016
201605,2016-05,Wisconsin,11438.0,8481.0,562.0,39,27.0,11.0,3.0,20520.0,2016
201605,2016-05,Wyoming,1497.0,1671.0,97.0,89,0.0,0.0,0.0,3354.0,2016
201604,2016-04,Alabama,9742.0,6977.0,320.0,412,0.0,0.0,0.0,17451.0,2016
201604,2016-04,Alaska,3036.0,2777.0,178.0,176,19.0,11.0,0.0,6167.0,2016
201604,2016-04,Arizona,13086.0,7278.0,885.0,538,87.0,5.0,0.0,21787.0,2016
201604,2016-04,Arkansas,5334.0,4513.0,193.0,281,0.0,0.0,0.0,10321.0,2016
201604,2016-04,California,41862.0,30133.0,5247.0,0,0.0,0.0,0.0,77242.0,2016
201604,2016-04,Colorado,17897.0,12560.0,1048.0,1005,201.0,25.0,0.0,32510.0,2016
201604,2016-04,Connecticut,11882.0,3936.0,229.0,0,0.0,0.0,0.0,16047.0,2016
201604,2016-04,Delaware,1878.0,1313.0,72.0,62,0.0,0.0,0.0,3325.0,2016
201604,2016-04,District of Columbia,55.0,3.0,0.0,0,0.0,0.0,0.0,58.0,2016
201604,2016-04,Florida,48697.0,19716.0,2788.0,1596,83.0,13.0,0.0,72797.0,2016
201604,2016-04,Georgia,13673.0,6764.0,385.0,443,0.0,0.0,0.0,21265.0,2016
201604,2016-04,Guam,100.0,45.0,8.0,7,0.0,0.0,0.0,160.0,2016
201604,2016-04,Hawaii,0.0,0.0,0.0,0,1.0,0.0,0.0,0.0,2016
201604,2016-04,Idaho,3376.0,3720.0,179.0,157,13.0,1.0,0.0,7432.0,2016
201604,2016-04,Illinois,24894.0,11132.0,0.0,870,0.0,0.0,0.0,36896.0,2016
201604,2016-04,Indiana,20756.0,12137.0,1079.0,637,25.0,0.0,2.0,34609.0,2016
201604,2016-04,Iowa,184.0,2453.0,27.0,2,19.0,17.0,1.0,2666.0,2016
201604,2016-04,Kansas,5785.0,4540.0,333.0,274,6.0,2.0,1.0,10932.0,2016
201604,2016-04,Kentucky,9657.0,7070.0,223.0,481,0.0,0.0,0.0,17431.0,2016
201604,2016-04,Louisiana,11703.0,6552.0,685.0,544,0.0,0.0,0.0,19484.0,2016
201604,2016-04,Maine,3970.0,3254.0,184.0,178,21.0,40.0,0.0,7586.0,2016
201604,2016-04,Mariana Islands,0.0,0.0,0.0,0,0.0,0.0,0.0,0.0,2016
201604,2016-04,Maryland,4294.0,4966.0,145.0,19,11.0,12.0,0.0,9424.0,2016
201604,2016-04,Massachusetts,6227.0,3009.0,594.0,166,0.0,0.0,0.0,9996.0,2016
201604,2016-04,Michigan,13598.0,8647.0,445.0,189,61.0,19.0,0.0,22879.0,2016
201604,2016-04,Minnesota,12547.0,12295.0,809.0,469,7.0,2.0,0.0,26120.0,2016
201604,2016-04,Mississippi,8765.0,4139.0,263.0,341,0.0,0.0,0.0,13508.0,2016
201604,2016-04,Missouri,19787.0,12754.0,970.0,896,141.0,26.0,3.0,34407.0,2016
201604,2016-04,Montana,2989.0,4388.0,133.0,201,2.0,4.0,1.0,7711.0,2016
201604,2016-04,Nebraska,116.0,1650.0,18.0,5,8.0,0.0,0.0,1789.0,2016
201604,2016-04,Nevada,5135.0,2793.0,223.0,255,1.0,0.0,0.0,8406.0,2016
201604,2016-04,New Hampshire,5337.0,3400.0,139.0,4,88.0,2.0,2.0,8880.0,2016
201604,2016-04,New Jersey,6887.0,3331.0,247.0,0,0.0,0.0,0.0,10465.0,2016
201604,2016-04,New Mexico,5311.0,3967.0,294.0,236,31.0,0.0,0.0,9808.0,2016
201604,2016-04,New York,11281.0,14660.0,881.0,205,0.0,0.0,0.0,27027.0,2016
201604,2016-04,North Carolina,1250.0,10280.0,607.0,209,0.0,0.0,0.0,12346.0,2016
201604,2016-04,North Dakota,2083.0,2791.0,89.0,113,0.0,0.0,0.0,5076.0,2016
201604,2016-04,Ohio,32959.0,17664.0,1618.0,1244,0.0,5.0,0.0,53485.0,2016
201604,2016-04,Oklahoma,13132.0,8302.0,915.0,811,0.0,0.0,0.0,23160.0,2016
201604,2016-04,Oregon,13102.0,9998.0,0.0,0,0.0,0.0,0.0,23100.0,2016
201604,2016-04,Pennsylvania,51472.0,11628.0,15.0,0,462.0,114.0,0.0,63115.0,2016
201604,2016-04,Puerto Rico,947.0,202.0,17.0,17,0.0,0.0,0.0,1183.0,2016
201604,2016-04,Rhode Island,1149.0,746.0,35.0,138,16.0,5.0,4.0,2068.0,2016
201604,2016-04,South Carolina,9617.0,4618.0,391.0,270,26.0,8.0,0.0,14896.0,2016
201604,2016-04,South Dakota,2981.0,3412.0,218.0,175,0.0,0.0,0.0,6786.0,2016
201604,2016-04,Tennessee,22965.0,12049.0,0.0,991,18.0,5.0,8.0,36005.0,2016
201604,2016-04,Texas,45339.0,27823.0,2775.0,2289,13.0,0.0,2.0,78226.0,2016
201604,2016-04,Utah,3560.0,3646.0,230.0,161,111.0,40.0,36.0,7597.0,2016
201604,2016-04,Vermont,1483.0,1557.0,90.0,82,0.0,0.0,0.0,3212.0,2016
201604,2016-04,Virgin Islands,23.0,3.0,0.0,0,0.0,0.0,0.0,26.0,2016
201604,2016-04,Virginia,21709.0,13235.0,851.0,0,7.0,2.0,0.0,35795.0,2016
201604,2016-04,Washington,15988.0,9698.0,1415.0,538,391.0,122.0,6.0,27639.0,2016
201604,2016-04,West Virginia,6908.0,5417.0,249.0,368,11.0,0.0,0.0,12942.0,2016
201604,2016-04,Wisconsin,15693.0,13348.0,673.0,38,23.0,19.0,7.0,29752.0,2016
201604,2016-04,Wyoming,1764.0,1952.0,104.0,92,0.0,0.0,0.0,3912.0,2016
201603,2016-03,Alabama,14372.0,9115.0,383.0,580,0.0,0.0,0.0,24450.0,2016
201603,2016-03,Alaska,3171.0,2750.0,209.0,189,16.0,13.0,0.0,6319.0,2016
201603,2016-03,Arizona,14387.0,7907.0,883.0,614,84.0,13.0,0.0,23791.0,2016
201603,2016-03,Arkansas,7603.0,5448.0,219.0,353,0.0,0.0,0.0,13623.0,2016
201603,2016-03,California,45266.0,31454.0,6007.0,0,0.0,0.0,0.0,82727.0,2016
201603,2016-03,Colorado,20049.0,12776.0,1069.0,1192,174.0,41.0,0.0,35086.0,2016
201603,2016-03,Connecticut,13996.0,4388.0,198.0,0,0.0,0.0,0.0,18582.0,2016
201603,2016-03,Delaware,2353.0,1611.0,83.0,87,0.0,0.0,0.0,4134.0,2016
201603,2016-03,District of Columbia,74.0,6.0,0.0,0,0.0,0.0,0.0,80.0,2016
201603,2016-03,Florida,54164.0,22000.0,2874.0,1748,68.0,13.0,4.0,80786.0,2016
201603,2016-03,Georgia,18272.0,8517.0,467.0,540,0.0,0.0,0.0,27796.0,2016
201603,2016-03,Guam,115.0,58.0,8.0,7,0.0,0.0,0.0,188.0,2016
201603,2016-03,Hawaii,0.0,0.0,0.0,0,0.0,1.0,0.0,0.0,2016
201603,2016-03,Idaho,3925.0,4208.0,227.0,206,14.0,1.0,0.0,8566.0,2016
201603,2016-03,Illinois,29052.0,12971.0,0.0,982,0.0,0.0,0.0,43005.0,2016
201603,2016-03,Indiana,27883.0,13485.0,1472.0,826,14.0,0.0,0.0,43666.0,2016
201603,2016-03,Iowa,252.0,3012.0,25.0,2,14.0,1.0,0.0,3291.0,2016
201603,2016-03,Kansas,7683.0,5368.0,409.0,296,5.0,3.0,0.0,13756.0,2016
201603,2016-03,Kentucky,13816.0,8391.0,283.0,595,2.0,1.0,0.0,23085.0,2016
201603,2016-03,Louisiana,13738.0,7553.0,799.0,552,0.0,0.0,0.0,22642.0,2016
201603,2016-03,Maine,4725.0,3320.0,232.0,189,9.0,10.0,0.0,8466.0,2016
201603,2016-03,Mariana Islands,0.0,1.0,0.0,0,0.0,0.0,0.0,1.0,2016
201603,2016-03,Maryland,4866.0,5363.0,157.0,13,33.0,9.0,0.0,10399.0,2016
201603,2016-03,Massachusetts,7019.0,3275.0,546.0,174,0.0,1.0,0.0,11014.0,2016
201603,2016-03,Michigan,18316.0,10145.0,495.0,223,107.0,26.0,0.0,29179.0,2016
201603,2016-03,Minnesota,13738.0,11323.0,797.0,442,9.0,2.0,0.0,26300.0,2016
201603,2016-03,Mississippi,11287.0,5697.0,331.0,369,0.0,0.0,0.0,17684.0,2016
201603,2016-03,Missouri,27030.0,15359.0,1257.0,1055,136.0,20.0,5.0,44701.0,2016
201603,2016-03,Montana,3305.0,4621.0,150.0,234,1.0,0.0,0.0,8310.0,2016
201603,2016-03,Nebraska,132.0,1944.0,16.0,5,7.0,4.0,1.0,2097.0,2016
201603,2016-03,Nevada,6116.0,3062.0,231.0,295,0.0,0.0,0.0,9704.0,2016
201603,2016-03,New Hampshire,5912.0,3506.0,142.0,7,80.0,4.0,1.0,9567.0,2016
201603,2016-03,New Jersey,7346.0,3582.0,210.0,0,0.0,0.0,0.0,11138.0,2016
201603,2016-03,New Mexico,6497.0,4466.0,388.0,302,56.0,0.0,0.0,11653.0,2016
201603,2016-03,New York,12474.0,15134.0,1041.0,193,0.0,0.0,0.0,28842.0,2016
201603,2016-03,North Carolina,1494.0,12263.0,673.0,197,0.0,0.0,1.0,14627.0,2016
201603,2016-03,North Dakota,1945.0,2711.0,97.0,72,0.0,0.0,0.0,4825.0,2016
201603,2016-03,Ohio,40331.0,19408.0,2179.0,1459,0.0,0.0,0.0,63377.0,2016
201603,2016-03,Oklahoma,14892.0,8975.0,958.0,824,0.0,0.0,0.0,25649.0,2016
201603,2016-03,Oregon,15513.0,11510.0,0.0,0,0.0,0.0,0.0,27023.0,2016
201603,2016-03,Pennsylvania,60489.0,12299.0,0.0,0,506.0,119.0,1.0,72788.0,2016
201603,2016-03,Puerto Rico,948.0,200.0,8.0,22,0.0,0.0,0.0,1178.0,2016
201603,2016-03,Rhode Island,1411.0,858.0,57.0,153,0.0,0.0,0.0,2479.0,2016
201603,2016-03,South Carolina,12312.0,6138.0,446.0,345,37.0,4.0,1.0,19241.0,2016
201603,2016-03,South Dakota,3451.0,3588.0,236.0,174,0.0,0.0,0.0,7449.0,2016
201603,2016-03,Tennessee,27951.0,14909.0,0.0,1099,31.0,6.0,12.0,43959.0,2016
201603,2016-03,Texas,55547.0,31794.0,2985.0,2444,3.0,0.0,1.0,92770.0,2016
201603,2016-03,Utah,3772.0,3883.0,262.0,186,74.0,26.0,20.0,8103.0,2016
201603,2016-03,Vermont,1941.0,1715.0,118.0,78,0.0,0.0,0.0,3852.0,2016
201603,2016-03,Virgin Islands,19.0,3.0,0.0,1,0.0,0.0,0.0,23.0,2016
201603,2016-03,Virginia,26264.0,14622.0,1019.0,0,6.0,2.0,0.0,41905.0,2016
201603,2016-03,Washington,19501.0,10947.0,1643.0,615,451.0,135.0,4.0,32706.0,2016
201603,2016-03,West Virginia,9481.0,6336.0,273.0,470,8.0,1.0,1.0,16560.0,2016
201603,2016-03,Wisconsin,18439.0,14836.0,807.0,35,36.0,32.0,2.0,34117.0,2016
201603,2016-03,Wyoming,1995.0,2026.0,135.0,103,0.0,0.0,0.0,4259.0,2016
201602,2016-02,Alabama,29311.0,15054.0,950.0,1162,0.0,0.0,0.0,46477.0,2016
201602,2016-02,Alaska,3190.0,2428.0,218.0,180,17.0,11.0,0.0,6016.0,2016
201602,2016-02,Arizona,16820.0,8782.0,877.0,856,82.0,11.0,0.0,27335.0,2016
201602,2016-02,Arkansas,10532.0,7028.0,258.0,638,0.0,0.0,0.0,18456.0,2016
201602,2016-02,California,44461.0,29486.0,5283.0,0,0.0,0.0,0.0,79230.0,2016
201602,2016-02,Colorado,22384.0,13355.0,1050.0,1302,164.0,43.0,0.0,38091.0,2016
201602,2016-02,Connecticut,13316.0,4250.0,275.0,0,0.0,0.0,0.0,17841.0,2016
201602,2016-02,Delaware,2702.0,1633.0,131.0,94,0.0,0.0,0.0,4560.0,2016
201602,2016-02,District of Columbia,74.0,7.0,0.0,0,0.0,0.0,0.0,81.0,2016
201602,2016-02,Florida,62770.0,25228.0,3069.0,2138,60.0,9.0,0.0,93205.0,2016
201602,2016-02,Georgia,24534.0,10747.0,565.0,992,0.0,0.0,0.0,36838.0,2016
201602,2016-02,Guam,85.0,44.0,8.0,4,0.0,0.0,0.0,141.0,2016
201602,2016-02,Hawaii,0.0,0.0,0.0,0,0.0,5.0,0.0,0.0,2016
201602,2016-02,Idaho,4419.0,4321.0,242.0,277,6.0,2.0,0.0,9259.0,2016
201602,2016-02,Illinois,30241.0,13543.0,0.0,1035,0.0,0.0,0.0,44819.0,2016
201602,2016-02,Indiana,32373.0,14947.0,1625.0,935,12.0,0.0,0.0,49880.0,2016
201602,2016-02,Iowa,279.0,2859.0,45.0,7,9.0,5.0,0.0,3190.0,2016
201602,2016-02,Kansas,9407.0,6165.0,433.0,525,6.0,1.0,0.0,16530.0,2016
201602,2016-02,Kentucky,19243.0,10414.0,404.0,1137,3.0,2.0,0.0,31198.0,2016
201602,2016-02,Louisiana,16474.0,9031.0,888.0,773,0.0,0.0,0.0,27166.0,2016
201602,2016-02,Maine,5426.0,3234.0,228.0,161,9.0,6.0,0.0,9049.0,2016
201602,2016-02,Mariana Islands,0.0,1.0,0.0,0,0.0,0.0,0.0,1.0,2016
201602,2016-02,Maryland,4368.0,5803.0,163.0,38,22.0,5.0,0.0,10372.0,2016
201602,2016-02,Massachusetts,6253.0,2838.0,562.0,169,0.0,0.0,0.0,9822.0,2016
201602,2016-02,Michigan,19778.0,10899.0,543.0,258,74.0,11.0,1.0,31478.0,2016
201602,2016-02,Minnesota,12754.0,9635.0,793.0,400,22.0,10.0,1.0,23582.0,2016
201602,2016-02,Mississippi,15296.0,7203.0,308.0,603,0.0,0.0,0.0,23410.0,2016
201602,2016-02,Missouri,30802.0,16707.0,1404.0,1455,148.0,14.0,4.0,50368.0,2016
201602,2016-02,Montana,3779.0,4151.0,154.0,325,2.0,1.0,0.0,8409.0,2016
201602,2016-02,Nebraska,154.0,2078.0,27.0,11,4.0,4.0,0.0,2270.0,2016
201602,2016-02,Nevada,6643.0,3115.0,244.0,333,0.0,0.0,0.0,10335.0,2016
201602,2016-02,New Hampshire,6798.0,3464.0,156.0,5,74.0,2.0,1.0,10423.0,2016
201602,2016-02,New Jersey,6007.0,3613.0,191.0,0,0.0,0.0,0.0,9811.0,2016
201602,2016-02,New Mexico,7455.0,5049.0,393.0,506,40.0,0.0,0.0,13403.0,2016
201602,2016-02,New York,11963.0,15324.0,1130.0,203,0.0,0.0,0.0,28620.0,2016
201602,2016-02,North Carolina,1543.0,14935.0,835.0,432,0.0,0.0,0.0,17745.0,2016
201602,2016-02,North Dakota,2100.0,2419.0,99.0,85,0.0,0.0,0.0,4703.0,2016
201602,2016-02,Ohio,45459.0,20745.0,2196.0,1873,0.0,0.0,0.0,70273.0,2016
201602,2016-02,Oklahoma,18984.0,10754.0,1184.0,1290,0.0,0.0,0.0,32212.0,2016
201602,2016-02,Oregon,17116.0,11665.0,0.0,0,0.0,0.0,0.0,28781.0,2016
201602,2016-02,Pennsylvania,61933.0,11791.0,0.0,0,553.0,124.0,1.0,73724.0,2016
201602,2016-02,Puerto Rico,885.0,152.0,24.0,22,0.0,0.0,0.0,1083.0,2016
201602,2016-02,Rhode Island,1288.0,848.0,64.0,152,0.0,0.0,0.0,2352.0,2016
201602,2016-02,South Carolina,15746.0,6847.0,522.0,538,18.0,13.0,0.0,23653.0,2016
201602,2016-02,South Dakota,4170.0,4009.0,169.0,252,0.0,0.0,0.0,8600.0,2016
201602,2016-02,Tennessee,36439.0,18121.0,0.0,1546,26.0,11.0,10.0,56106.0,2016
201602,2016-02,Texas,72584.0,37980.0,3156.0,3891,1.0,1.0,3.0,117611.0,2016
201602,2016-02,Utah,4413.0,4000.0,259.0,220,174.0,56.0,29.0,8892.0,2016
201602,2016-02,Vermont,2273.0,1681.0,128.0,86,0.0,0.0,0.0,4168.0,2016
201602,2016-02,Virgin Islands,25.0,4.0,0.0,0,0.0,0.0,0.0,29.0,2016
201602,2016-02,Virginia,30085.0,15948.0,1133.0,0,4.0,1.0,0.0,47166.0,2016
201602,2016-02,Washington,20583.0,11991.0,1832.0,863,330.0,119.0,3.0,35269.0,2016
201602,2016-02,West Virginia,10746.0,7436.0,357.0,757,5.0,3.0,3.0,19296.0,2016
201602,2016-02,Wisconsin,19465.0,12431.0,821.0,62,22.0,15.0,2.0,32779.0,2016
201602,2016-02,Wyoming,2287.0,2036.0,139.0,150,0.0,0.0,0.0,4612.0,2016
201601,2016-01,Alabama,25445.0,14785.0,1266.0,884,0.0,0.0,0.0,42380.0,2016
201601,2016-01,Alaska,2859.0,2245.0,300.0,164,13.0,25.0,0.0,5568.0,2016
201601,2016-01,Arizona,15745.0,8512.0,1107.0,575,76.0,10.0,0.0,25939.0,2016
201601,2016-01,Arkansas,7954.0,5982.0,305.0,340,0.0,0.0,0.0,14581.0,2016
201601,2016-01,California,52139.0,32970.0,7054.0,0,0.0,0.0,0.0,92163.0,2016
201601,2016-01,Colorado,23518.0,13327.0,1474.0,1236,176.0,50.0,2.0,39555.0,2016
201601,2016-01,Connecticut,13096.0,4366.0,236.0,0,0.0,0.0,0.0,17698.0,2016
201601,2016-01,Delaware,2548.0,1608.0,110.0,73,0.0,0.0,0.0,4339.0,2016
201601,2016-01,District of Columbia,52.0,3.0,0.0,0,0.0,0.0,0.0,55.0,2016
201601,2016-01,Florida,62085.0,26356.0,3480.0,2036,45.0,6.0,0.0,93957.0,2016
201601,2016-01,Georgia,18236.0,9696.0,654.0,564,0.0,0.0,0.0,29150.0,2016
201601,2016-01,Guam,102.0,57.0,11.0,6,0.0,0.0,0.0,176.0,2016
201601,2016-01,Hawaii,0.0,0.0,0.0,0,0.0,4.0,0.0,0.0,2016
201601,2016-01,Idaho,4221.0,3820.0,266.0,156,3.0,5.0,0.0,8463.0,2016
201601,2016-01,Illinois,32112.0,12869.0,0.0,813,0.0,0.0,0.0,45794.0,2016
201601,2016-01,Indiana,29653.0,14356.0,1871.0,939,14.0,0.0,1.0,46819.0,2016
201601,2016-01,Iowa,292.0,2600.0,44.0,9,10.0,1.0,0.0,2945.0,2016
201601,2016-01,Kansas,9196.0,6580.0,586.0,381,0.0,0.0,0.0,16743.0,2016
201601,2016-01,Kentucky,13847.0,7713.0,403.0,416,3.0,3.0,0.0,22379.0,2016
201601,2016-01,Louisiana,15485.0,10374.0,1054.0,642,0.0,0.0,0.0,27555.0,2016
201601,2016-01,Maine,4625.0,3054.0,294.0,152,2.0,6.0,0.0,8125.0,2016
201601,2016-01,Mariana Islands,0.0,3.0,0.0,0,0.0,0.0,0.0,3.0,2016
201601,2016-01,Maryland,3981.0,5541.0,116.0,16,19.0,1.0,0.0,9654.0,2016
201601,2016-01,Massachusetts,7211.0,3500.0,667.0,201,0.0,0.0,0.0,11579.0,2016
201601,2016-01,Michigan,17641.0,9995.0,670.0,215,50.0,16.0,0.0,28521.0,2016
201601,2016-01,Minnesota,12426.0,8624.0,875.0,414,8.0,6.0,0.0,22339.0,2016
201601,2016-01,Mississippi,10257.0,6713.0,422.0,365,0.0,0.0,0.0,17757.0,2016
201601,2016-01,Missouri,28980.0,15693.0,1942.0,955,94.0,21.0,2.0,47570.0,2016
201601,2016-01,Montana,3354.0,3574.0,191.0,205,13.0,2.0,3.0,7324.0,2016
201601,2016-01,Nebraska,179.0,2256.0,37.0,13,4.0,1.0,0.0,2485.0,2016
201601,2016-01,Nevada,6064.0,2835.0,289.0,257,1.0,0.0,0.0,9445.0,2016
201601,2016-01,New Hampshire,7146.0,3591.0,211.0,4,44.0,2.0,0.0,10952.0,2016
201601,2016-01,New Jersey,4520.0,4005.0,158.0,0,0.0,0.0,0.0,8683.0,2016
201601,2016-01,New Mexico,5921.0,4206.0,405.0,288,43.0,0.0,0.0,10820.0,2016
201601,2016-01,New York,12020.0,15461.0,1192.0,200,0.0,0.0,0.0,28873.0,2016
201601,2016-01,North Carolina,1350.0,12950.0,920.0,178,0.0,0.0,0.0,15398.0,2016
201601,2016-01,North Dakota,2159.0,2554.0,106.0,81,0.0,0.0,0.0,4900.0,2016
201601,2016-01,Ohio,38028.0,18613.0,2460.0,1322,0.0,0.0,0.0,60423.0,2016
201601,2016-01,Oklahoma,18688.0,10863.0,1313.0,889,0.0,0.0,0.0,31753.0,2016
201601,2016-01,Oregon,15930.0,10403.0,0.0,0,0.0,0.0,0.0,26333.0,2016
201601,2016-01,Pennsylvania,57355.0,10224.0,0.0,0,492.0,130.0,1.0,67579.0,2016
201601,2016-01,Puerto Rico,940.0,147.0,16.0,21,0.0,0.0,0.0,1124.0,2016
201601,2016-01,Rhode Island,1413.0,898.0,89.0,177,0.0,0.0,0.0,2577.0,2016
201601,2016-01,South Carolina,12380.0,6289.0,669.0,326,20.0,2.0,0.0,19664.0,2016
201601,2016-01,South Dakota,3782.0,3815.0,313.0,171,0.0,0.0,0.0,8081.0,2016
201601,2016-01,Tennessee,30411.0,16571.0,0.0,1271,39.0,9.0,3.0,48253.0,2016
201601,2016-01,Texas,72626.0,38396.0,3756.0,2700,1.0,0.0,0.0,117478.0,2016
201601,2016-01,Utah,4662.0,3654.0,326.0,174,134.0,70.0,6.0,8816.0,2016
201601,2016-01,Vermont,1863.0,1379.0,134.0,65,0.0,0.0,0.0,3441.0,2016
201601,2016-01,Virgin Islands,26.0,0.0,0.0,1,0.0,0.0,0.0,27.0,2016
201601,2016-01,Virginia,27033.0,15699.0,922.0,0,1.0,2.0,0.0,43654.0,2016
201601,2016-01,Washington,20427.0,11355.0,2147.0,595,365.0,168.0,9.0,34524.0,2016
201601,2016-01,West Virginia,7419.0,5505.0,321.0,349,1.0,0.0,0.0,13594.0,2016
201601,2016-01,Wisconsin,17969.0,10756.0,937.0,42,20.0,16.0,1.0,29704.0,2016
201601,2016-01,Wyoming,2181.0,1983.0,160.0,104,0.0,0.0,0.0,4428.0,2016
201512,2015-12,Alabama,47605.0,33710.0,1698.0,1752,0.0,0.0,0.0,84765.0,2015
201512,2015-12,Alaska,5265.0,4638.0,356.0,214,18.0,10.0,0.0,10473.0,2015
201512,2015-12,Arizona,25562.0,14725.0,1327.0,995,73.0,3.0,1.0,42609.0,2015
201512,2015-12,Arkansas,13780.0,15241.0,365.0,521,0.0,0.0,0.0,29907.0,2015
201512,2015-12,California,74399.0,48762.0,9583.0,0,0.0,0.0,0.0,132744.0,2015
201512,2015-12,Colorado,34653.0,22880.0,1903.0,1650,160.0,34.0,2.0,61086.0,2015
201512,2015-12,Connecticut,17828.0,6337.0,314.0,0,0.0,0.0,0.0,24479.0,2015
201512,2015-12,Delaware,3615.0,3274.0,175.0,137,0.0,0.0,0.0,7201.0,2015
201512,2015-12,District of Columbia,76.0,3.0,0.0,0,0.0,0.0,0.0,79.0,2015
201512,2015-12,Florida,86940.0,45769.0,4165.0,3005,45.0,16.0,0.0,139879.0,2015
201512,2015-12,Georgia,34974.0,25174.0,863.0,1218,0.0,0.0,0.0,62229.0,2015
201512,2015-12,Guam,145.0,60.0,9.0,4,0.0,0.0,0.0,218.0,2015
201512,2015-12,Hawaii,0.0,0.0,0.0,0,1.0,1.0,0.0,0.0,2015
201512,2015-12,Idaho,7023.0,7813.0,320.0,276,5.0,1.0,0.0,15432.0,2015
201512,2015-12,Illinois,37193.0,20864.0,0.0,1298,0.0,0.0,0.0,59355.0,2015
201512,2015-12,Indiana,44150.0,26105.0,2370.0,1303,22.0,0.0,0.0,73928.0,2015
201512,2015-12,Iowa,436.0,5654.0,51.0,8,2.0,7.0,0.0,6149.0,2015
201512,2015-12,Kansas,12324.0,12127.0,605.0,570,2.0,0.0,0.0,25626.0,2015
201512,2015-12,Kentucky,25569.0,19995.0,607.0,896,5.0,3.0,0.0,47067.0,2015
201512,2015-12,Louisiana,27778.0,25151.0,1302.0,1128,0.0,0.0,0.0,55359.0,2015
201512,2015-12,Maine,7493.0,5410.0,329.0,253,7.0,3.0,1.0,13485.0,2015
201512,2015-12,Mariana Islands,0.0,1.0,0.0,0,0.0,0.0,0.0,1.0,2015
201512,2015-12,Maryland,4750.0,10241.0,112.0,17,11.0,3.0,0.0,15120.0,2015
201512,2015-12,Massachusetts,9398.0,4762.0,864.0,287,0.0,0.0,0.0,15311.0,2015
201512,2015-12,Michigan,25578.0,18826.0,743.0,351,73.0,26.0,0.0,45498.0,2015
201512,2015-12,Minnesota,16319.0,15491.0,1071.0,499,18.0,5.0,0.0,33380.0,2015
201512,2015-12,Mississippi,20000.0,18908.0,540.0,752,0.0,0.0,0.0,40200.0,2015
201512,2015-12,Missouri,43300.0,30091.0,2272.0,1649,89.0,17.0,2.0,77312.0,2015
201512,2015-12,Montana,5902.0,7250.0,203.0,236,4.0,1.0,8.0,13591.0,2015
201512,2015-12,Nebraska,282.0,4801.0,36.0,7,5.0,1.0,0.0,5126.0,2015
201512,2015-12,Nevada,9510.0,5088.0,339.0,462,0.0,0.0,0.0,15399.0,2015
201512,2015-12,New Hampshire,9537.0,5204.0,236.0,5,43.0,1.0,0.0,14982.0,2015
201512,2015-12,New Jersey,4304.0,6531.0,183.0,0,0.0,0.0,0.0,11018.0,2015
201512,2015-12,New Mexico,9027.0,7653.0,553.0,408,36.0,0.0,0.0,17641.0,2015
201512,2015-12,New York,15179.0,27786.0,1300.0,251,0.0,0.0,0.0,44516.0,2015
201512,2015-12,North Carolina,2536.0,31238.0,1282.0,291,0.0,0.0,0.0,35347.0,2015
201512,2015-12,North Dakota,3056.0,4212.0,105.0,148,0.0,0.0,0.0,7521.0,2015
201512,2015-12,Ohio,60280.0,38256.0,2942.0,2093,0.0,0.0,0.0,103571.0,2015
201512,2015-12,Oklahoma,28388.0,21086.0,1550.0,1369,0.0,0.0,0.0,52393.0,2015
201512,2015-12,Oregon,23952.0,17062.0,0.0,0,0.0,0.0,0.0,41014.0,2015
201512,2015-12,Pennsylvania,90055.0,18758.0,0.0,0,402.0,121.0,0.0,108813.0,2015
201512,2015-12,Puerto Rico,1048.0,234.0,31.0,18,0.0,0.0,0.0,1331.0,2015
201512,2015-12,Rhode Island,1663.0,1316.0,130.0,213,0.0,0.0,0.0,3322.0,2015
201512,2015-12,South Carolina,21019.0,16517.0,1000.0,649,18.0,2.0,0.0,39185.0,2015
201512,2015-12,South Dakota,5240.0,6979.0,272.0,266,0.0,0.0,0.0,12757.0,2015
201512,2015-12,Tennessee,51923.0,36311.0,0.0,2216,31.0,3.0,10.0,90450.0,2015
201512,2015-12,Texas,107224.0,80247.0,4585.0,4505,1.0,0.0,2.0,196561.0,2015
201512,2015-12,Utah,8559.0,9114.0,379.0,362,167.0,67.0,23.0,18414.0,2015
201512,2015-12,Vermont,2428.0,2058.0,151.0,86,0.0,0.0,0.0,4723.0,2015
201512,2015-12,Virgin Islands,34.0,2.0,0.0,0,0.0,0.0,0.0,36.0,2015
201512,2015-12,Virginia,41097.0,29651.0,1547.0,0,3.0,0.0,0.0,72295.0,2015
201512,2015-12,Washington,29473.0,18515.0,2380.0,837,370.0,109.0,9.0,51205.0,2015
201512,2015-12,West Virginia,15080.0,13869.0,476.0,651,4.0,0.0,0.0,30076.0,2015
201512,2015-12,Wisconsin,24898.0,17831.0,1134.0,58,18.0,10.0,6.0,43921.0,2015
201512,2015-12,Wyoming,3900.0,3754.0,167.0,145,0.0,1.0,0.0,7966.0,2015
201511,2015-11,Alabama,23022.0,22650.0,859.0,1178,0.0,0.0,0.0,47709.0,2015
201511,2015-11,Alaska,3062.0,3209.0,191.0,184,18.0,9.0,1.0,6646.0,2015
201511,2015-11,Arizona,12382.0,9041.0,707.0,618,76.0,8.0,1.0,22748.0,2015
201511,2015-11,Arkansas,6359.0,11611.0,168.0,376,0.0,0.0,0.0,18514.0,2015
201511,2015-11,California,41181.0,35007.0,4559.0,0,0.0,0.0,0.0,80747.0,2015
201511,2015-11,Colorado,19784.0,16082.0,932.0,1151,144.0,34.0,0.0,37949.0,2015
201511,2015-11,Connecticut,11594.0,5072.0,134.0,0,0.0,0.0,0.0,16800.0,2015
201511,2015-11,Delaware,2152.0,2424.0,65.0,72,0.0,0.0,0.0,4713.0,2015
201511,2015-11,District of Columbia,54.0,2.0,0.0,0,0.0,0.0,0.0,56.0,2015
201511,2015-11,Florida,50796.0,28981.0,2268.0,1957,40.0,5.0,0.0,84002.0,2015
201511,2015-11,Georgia,16635.0,15227.0,448.0,758,0.0,0.0,0.0,33068.0,2015
201511,2015-11,Guam,100.0,55.0,12.0,3,0.0,0.0,0.0,170.0,2015
201511,2015-11,Hawaii,0.0,0.0,0.0,0,1.0,3.0,0.0,0.0,2015
201511,2015-11,Idaho,3609.0,5227.0,190.0,189,22.0,4.0,1.0,9215.0,2015
201511,2015-11,Illinois,24412.0,17227.0,0.0,1032,0.0,0.0,0.0,42671.0,2015
201511,2015-11,Indiana,25519.0,20227.0,1113.0,808,28.0,0.0,0.0,47667.0,2015
201511,2015-11,Iowa,267.0,4596.0,27.0,4,4.0,2.0,0.0,4894.0,2015
201511,2015-11,Kansas,7086.0,8702.0,311.0,396,2.0,0.0,0.0,16495.0,2015
201511,2015-11,Kentucky,12155.0,14847.0,254.0,648,2.0,2.0,0.0,27904.0,2015
201511,2015-11,Louisiana,14708.0,17368.0,697.0,793,0.0,0.0,0.0,33566.0,2015
201511,2015-11,Maine,4048.0,4387.0,135.0,171,6.0,7.0,0.0,8741.0,2015
201511,2015-11,Mariana Islands,0.0,0.0,0.0,0,0.0,0.0,0.0,0.0,2015
201511,2015-11,Maryland,3220.0,8310.0,96.0,9,14.0,3.0,1.0,11635.0,2015
201511,2015-11,Massachusetts,6083.0,3931.0,402.0,175,1.0,0.0,1.0,10591.0,2015
201511,2015-11,Michigan,13634.0,17604.0,385.0,238,69.0,24.0,0.0,31861.0,2015
201511,2015-11,Minnesota,9373.0,14173.0,486.0,330,8.0,11.0,0.0,24362.0,2015
201511,2015-11,Mississippi,9785.0,13191.0,267.0,523,0.0,0.0,0.0,23766.0,2015
201511,2015-11,Missouri,21135.0,22852.0,1004.0,1060,99.0,11.0,4.0,46051.0,2015
201511,2015-11,Montana,2848.0,5170.0,90.0,197,11.0,4.0,0.0,8305.0,2015
201511,2015-11,Nebraska,173.0,3724.0,23.0,10,7.0,0.0,0.0,3930.0,2015
201511,2015-11,Nevada,4889.0,3272.0,193.0,287,1.0,0.0,0.0,8641.0,2015
201511,2015-11,New Hampshire,4847.0,4165.0,95.0,2,69.0,11.0,1.0,9109.0,2015
201511,2015-11,New Jersey,3462.0,4704.0,147.0,0,0.0,0.0,0.0,8313.0,2015
201511,2015-11,New Mexico,5247.0,4974.0,334.0,277,33.0,0.0,0.0,10832.0,2015
201511,2015-11,New York,8650.0,23519.0,665.0,149,0.0,0.0,0.0,32983.0,2015
201511,2015-11,North Carolina,1370.0,20107.0,576.0,202,0.0,0.0,0.0,22255.0,2015
201511,2015-11,North Dakota,1720.0,3744.0,65.0,79,0.0,0.0,0.0,5608.0,2015
201511,2015-11,Ohio,34878.0,31817.0,1392.0,1483,0.0,0.0,0.0,69570.0,2015
201511,2015-11,Oklahoma,15005.0,14753.0,778.0,998,0.0,0.0,0.0,31534.0,2015
201511,2015-11,Oregon,13586.0,11832.0,0.0,0,0.0,0.0,0.0,25418.0,2015
201511,2015-11,Pennsylvania,62752.0,16297.0,0.0,0,446.0,147.0,0.0,79049.0,2015
201511,2015-11,Puerto Rico,1033.0,170.0,11.0,20,0.0,0.0,0.0,1234.0,2015
201511,2015-11,Rhode Island,954.0,932.0,57.0,135,0.0,0.0,0.0,2078.0,2015
201511,2015-11,South Carolina,11452.0,10393.0,561.0,438,16.0,4.0,0.0,22844.0,2015
201511,2015-11,South Dakota,2765.0,5484.0,143.0,151,0.0,0.0,0.0,8543.0,2015
201511,2015-11,Tennessee,28815.0,24023.0,0.0,1300,17.0,1.0,5.0,54138.0,2015
201511,2015-11,Texas,56941.0,51670.0,2532.0,3048,1.0,2.0,1.0,114191.0,2015
201511,2015-11,Utah,4314.0,5857.0,195.0,262,140.0,58.0,21.0,10628.0,2015
201511,2015-11,Vermont,1189.0,1826.0,49.0,70,0.0,0.0,0.0,3134.0,2015
201511,2015-11,Virgin Islands,13.0,2.0,0.0,1,0.0,0.0,0.0,16.0,2015
201511,2015-11,Virginia,24052.0,22348.0,974.0,0,10.0,4.0,0.0,47374.0,2015
201511,2015-11,Washington,15822.0,12425.0,1238.0,606,356.0,159.0,3.0,30091.0,2015
201511,2015-11,West Virginia,6953.0,11561.0,224.0,478,0.0,0.0,0.0,19216.0,2015
201511,2015-11,Wisconsin,13700.0,17759.0,458.0,45,15.0,20.0,4.0,31962.0,2015
201511,2015-11,Wyoming,1745.0,2372.0,87.0,104,0.0,0.0,0.0,4308.0,2015
201510,2015-10,Alabama,17810.0,14789.0,757.0,903,0.0,0.0,0.0,34259.0,2015
201510,2015-10,Alaska,4016.0,4414.0,264.0,321,17.0,16.0,0.0,9015.0,2015
201510,2015-10,Arizona,10928.0,7308.0,741.0,550,114.0,7.0,0.0,19527.0,2015
201510,2015-10,Arkansas,5524.0,8839.0,164.0,405,0.0,0.0,0.0,14932.0,2015
201510,2015-10,California,37977.0,26151.0,3912.0,0,0.0,0.0,0.0,68040.0,2015
201510,2015-10,Colorado,17059.0,14870.0,938.0,1016,148.0,22.0,0.0,33883.0,2015
201510,2015-10,Connecticut,9306.0,4207.0,183.0,0,0.0,0.0,0.0,13696.0,2015
201510,2015-10,Delaware,1786.0,1774.0,93.0,70,0.0,0.0,0.0,3723.0,2015
201510,2015-10,District of Columbia,66.0,0.0,0.0,0,1.0,0.0,0.0,66.0,2015
201510,2015-10,Florida,45304.0,22587.0,2456.0,1826,52.0,11.0,0.0,72173.0,2015
201510,2015-10,Georgia,13192.0,12217.0,444.0,582,0.0,0.0,0.0,26435.0,2015
201510,2015-10,Guam,119.0,64.0,22.0,8,0.0,0.0,0.0,213.0,2015
201510,2015-10,Hawaii,0.0,0.0,0.0,0,2.0,0.0,0.0,0.0,2015
201510,2015-10,Idaho,2873.0,5535.0,176.0,182,10.0,5.0,0.0,8766.0,2015
201510,2015-10,Illinois,19306.0,12361.0,0.0,685,0.0,0.0,0.0,32352.0,2015
201510,2015-10,Indiana,18633.0,13859.0,1055.0,627,52.0,0.0,0.0,34174.0,2015
201510,2015-10,Iowa,172.0,3318.0,26.0,4,3.0,1.0,0.0,3520.0,2015
201510,2015-10,Kansas,5542.0,5960.0,333.0,330,1.0,0.0,0.0,12165.0,2015
201510,2015-10,Kentucky,9520.0,10953.0,260.0,588,2.0,2.0,0.0,21321.0,2015
201510,2015-10,Louisiana,11765.0,14348.0,689.0,614,0.0,0.0,0.0,27416.0,2015
201510,2015-10,Maine,4028.0,6036.0,159.0,209,10.0,5.0,0.0,10432.0,2015
201510,2015-10,Mariana Islands,0.0,1.0,0.0,0,0.0,0.0,0.0,1.0,2015
201510,2015-10,Maryland,3389.0,6110.0,132.0,16,7.0,3.0,0.0,9647.0,2015
201510,2015-10,Massachusetts,5226.0,3146.0,367.0,164,1.0,1.0,0.0,8903.0,2015
201510,2015-10,Michigan,10948.0,13244.0,341.0,208,89.0,10.0,0.0,24741.0,2015
201510,2015-10,Minnesota,8661.0,18163.0,502.0,379,8.0,6.0,0.0,27705.0,2015
201510,2015-10,Mississippi,7726.0,8231.0,279.0,427,0.0,0.0,0.0,16663.0,2015
201510,2015-10,Missouri,18686.0,18848.0,1044.0,981,101.0,30.0,2.0,39559.0,2015
201510,2015-10,Montana,2701.0,6840.0,111.0,230,7.0,6.0,1.0,9882.0,2015
201510,2015-10,Nebraska,168.0,2645.0,17.0,7,4.0,3.0,0.0,2837.0,2015
201510,2015-10,Nevada,4292.0,2549.0,210.0,255,1.0,0.0,0.0,7306.0,2015
201510,2015-10,New Hampshire,4303.0,3910.0,116.0,4,60.0,3.0,0.0,8333.0,2015
201510,2015-10,New Jersey,3668.0,3507.0,140.0,0,0.0,0.0,0.0,7315.0,2015
201510,2015-10,New Mexico,5346.0,4341.0,314.0,263,58.0,0.0,0.0,10264.0,2015
201510,2015-10,New York,8329.0,19836.0,590.0,171,0.0,0.0,0.0,28926.0,2015
201510,2015-10,North Carolina,1203.0,15479.0,602.0,269,0.0,0.0,0.0,17553.0,2015
201510,2015-10,North Dakota,1634.0,4868.0,87.0,85,0.0,0.0,0.0,6674.0,2015
201510,2015-10,Ohio,27354.0,20613.0,1347.0,1254,1.0,0.0,0.0,50568.0,2015
201510,2015-10,Oklahoma,11653.0,10868.0,743.0,910,0.0,0.0,0.0,24174.0,2015
201510,2015-10,Oregon,13732.0,11626.0,0.0,0,0.0,0.0,0.0,25358.0,2015
201510,2015-10,Pennsylvania,50119.0,10921.0,0.0,0,474.0,152.0,3.0,61040.0,2015
201510,2015-10,Puerto Rico,1057.0,196.0,12.0,16,0.0,0.0,0.0,1281.0,2015
201510,2015-10,Rhode Island,923.0,788.0,52.0,141,0.0,0.0,1.0,1904.0,2015
201510,2015-10,South Carolina,8301.0,7176.0,406.0,339,11.0,4.0,0.0,16222.0,2015
201510,2015-10,South Dakota,2483.0,6689.0,259.0,176,0.0,0.0,0.0,9607.0,2015
201510,2015-10,Tennessee,24423.0,17480.0,0.0,1155,29.0,6.0,8.0,43058.0,2015
201510,2015-10,Texas,43428.0,41157.0,2836.0,2646,0.0,0.0,0.0,90067.0,2015
201510,2015-10,Utah,2831.0,3827.0,158.0,174,203.0,57.0,11.0,6990.0,2015
201510,2015-10,Vermont,1183.0,1942.0,58.0,65,0.0,0.0,0.0,3248.0,2015
201510,2015-10,Virgin Islands,19.0,2.0,0.0,0,0.0,0.0,0.0,21.0,2015
201510,2015-10,Virginia,20672.0,17008.0,908.0,0,1.0,1.0,0.0,38588.0,2015
201510,2015-10,Washington,14937.0,12315.0,1441.0,571,337.0,150.0,9.0,29264.0,2015
201510,2015-10,West Virginia,6286.0,8427.0,237.0,464,3.0,0.0,5.0,15414.0,2015
201510,2015-10,Wisconsin,12731.0,16908.0,603.0,52,33.0,25.0,4.0,30294.0,2015
201510,2015-10,Wyoming,1535.0,2274.0,80.0,102,0.0,0.0,0.0,3991.0,2015
201509,2015-09,Alabama,16038.0,13392.0,710.0,819,0.0,0.0,0.0,30959.0,2015
201509,2015-09,Alaska,2294.0,3037.0,130.0,159,8.0,10.0,0.0,5620.0,2015
201509,2015-09,Arizona,10378.0,7529.0,677.0,520,116.0,4.0,0.0,19104.0,2015
201509,2015-09,Arkansas,5356.0,6595.0,146.0,353,0.0,0.0,0.0,12450.0,2015
201509,2015-09,California,31897.0,24471.0,3429.0,0,0.0,0.0,0.0,59797.0,2015
201509,2015-09,Colorado,15186.0,12898.0,849.0,977,134.0,34.0,0.0,29910.0,2015
201509,2015-09,Connecticut,8330.0,3566.0,166.0,0,0.0,0.0,0.0,12062.0,2015
201509,2015-09,Delaware,1503.0,1419.0,50.0,38,0.0,0.0,0.0,3010.0,2015
201509,2015-09,District of Columbia,40.0,1.0,0.0,0,0.0,0.0,0.0,41.0,2015
201509,2015-09,Florida,40647.0,20159.0,2615.0,1727,1.0,0.0,0.0,65148.0,2015
201509,2015-09,Georgia,12323.0,9659.0,402.0,540,0.0,0.0,0.0,22924.0,2015
201509,2015-09,Guam,117.0,48.0,13.0,3,0.0,0.0,0.0,181.0,2015
201509,2015-09,Hawaii,0.0,0.0,0.0,0,0.0,3.0,0.0,0.0,2015
201509,2015-09,Idaho,2782.0,5055.0,104.0,169,5.0,6.0,0.0,8110.0,2015
201509,2015-09,Illinois,17451.0,12693.0,0.0,766,0.0,0.0,0.0,30910.0,2015
201509,2015-09,Indiana,16754.0,11905.0,965.0,618,12.0,0.0,0.0,30242.0,2015
201509,2015-09,Iowa,191.0,2514.0,23.0,5,5.0,3.0,2.0,2733.0,2015
201509,2015-09,Kansas,4889.0,5167.0,258.0,273,0.0,0.0,1.0,10587.0,2015
201509,2015-09,Kentucky,8437.0,8102.0,214.0,556,0.0,0.0,0.0,17309.0,2015
201509,2015-09,Louisiana,16564.0,15861.0,771.0,885,0.0,0.0,0.0,34081.0,2015
201509,2015-09,Maine,3272.0,4190.0,130.0,265,10.0,12.0,1.0,7857.0,2015
201509,2015-09,Mariana Islands,0.0,1.0,0.0,0,0.0,0.0,0.0,1.0,2015
201509,2015-09,Maryland,2615.0,4779.0,148.0,9,3.0,1.0,0.0,7551.0,2015
201509,2015-09,Massachusetts,4543.0,2442.0,288.0,139,0.0,0.0,0.0,7412.0,2015
201509,2015-09,Michigan,9276.0,11046.0,315.0,182,60.0,10.0,0.0,20819.0,2015
201509,2015-09,Minnesota,7639.0,14880.0,389.0,310,16.0,6.0,0.0,23218.0,2015
201509,2015-09,Mississippi,9974.0,8720.0,263.0,541,0.0,0.0,0.0,19498.0,2015
201509,2015-09,Missouri,16053.0,13650.0,862.0,900,83.0,11.0,3.0,31465.0,2015
201509,2015-09,Montana,2641.0,5616.0,118.0,215,4.0,4.0,1.0,8590.0,2015
201509,2015-09,Nebraska,138.0,2012.0,8.0,6,7.0,0.0,0.0,2164.0,2015
201509,2015-09,Nevada,4183.0,2499.0,191.0,264,2.0,0.0,0.0,7137.0,2015
201509,2015-09,New Hampshire,3802.0,3112.0,101.0,5,55.0,2.0,19.0,7020.0,2015
201509,2015-09,New Jersey,3215.0,2728.0,113.0,0,0.0,0.0,0.0,6056.0,2015
201509,2015-09,New Mexico,4763.0,4167.0,310.0,251,40.0,0.0,0.0,9491.0,2015
201509,2015-09,New York,7532.0,15898.0,544.0,132,0.0,1.0,0.0,24106.0,2015
201509,2015-09,North Carolina,1131.0,12571.0,581.0,214,0.0,0.0,0.0,14497.0,2015
201509,2015-09,North Dakota,1399.0,3360.0,61.0,81,0.0,0.0,0.0,4901.0,2015
201509,2015-09,Ohio,23309.0,16734.0,1383.0,1148,2.0,0.0,0.0,42574.0,2015
201509,2015-09,Oklahoma,10331.0,9491.0,657.0,822,0.0,0.0,0.0,21301.0,2015
201509,2015-09,Oregon,10419.0,11137.0,0.0,0,0.0,0.0,0.0,21556.0,2015
201509,2015-09,Pennsylvania,42205.0,8762.0,0.0,0,431.0,119.0,4.0,50967.0,2015
201509,2015-09,Puerto Rico,1036.0,214.0,16.0,26,0.0,0.0,0.0,1292.0,2015
201509,2015-09,Rhode Island,816.0,585.0,37.0,112,0.0,0.0,1.0,1550.0,2015
201509,2015-09,South Carolina,8089.0,6836.0,410.0,376,21.0,8.0,0.0,15711.0,2015
201509,2015-09,South Dakota,2119.0,4338.0,248.0,146,0.0,0.0,0.0,6851.0,2015
201509,2015-09,Tennessee,21223.0,14758.0,0.0,1047,28.0,5.0,12.0,37028.0,2015
201509,2015-09,Texas,39567.0,45376.0,2578.0,2432,0.0,0.0,0.0,89953.0,2015
201509,2015-09,Utah,2735.0,4094.0,131.0,163,193.0,61.0,10.0,7123.0,2015
201509,2015-09,Vermont,1091.0,1464.0,64.0,59,0.0,0.0,0.0,2678.0,2015
201509,2015-09,Virgin Islands,25.0,1.0,0.0,1,0.0,0.0,0.0,27.0,2015
201509,2015-09,Virginia,18720.0,13891.0,862.0,0,2.0,2.0,0.0,33473.0,2015
201509,2015-09,Washington,13341.0,10892.0,1201.0,579,398.0,121.0,7.0,26013.0,2015
201509,2015-09,West Virginia,5537.0,6493.0,195.0,385,2.0,0.0,0.0,12610.0,2015
201509,2015-09,Wisconsin,11463.0,13481.0,514.0,37,29.0,16.0,0.0,25495.0,2015
201509,2015-09,Wyoming,1498.0,2275.0,100.0,97,0.0,0.0,0.0,3970.0,2015
201508,2015-08,Alabama,17991.0,13613.0,703.0,896,0.0,0.0,0.0,33203.0,2015
201508,2015-08,Alaska,2570.0,3440.0,142.0,161,17.0,18.0,0.0,6313.0,2015
201508,2015-08,Arizona,9987.0,7109.0,651.0,536,84.0,2.0,0.0,18283.0,2015
201508,2015-08,Arkansas,5352.0,5941.0,155.0,283,0.0,0.0,0.0,11731.0,2015
201508,2015-08,California,33938.0,26257.0,3935.0,0,0.0,0.0,0.0,64130.0,2015
201508,2015-08,Colorado,15890.0,12572.0,776.0,908,127.0,32.0,0.0,30146.0,2015
201508,2015-08,Connecticut,8418.0,3398.0,175.0,0,0.0,0.0,0.0,11991.0,2015
201508,2015-08,Delaware,1570.0,1392.0,57.0,62,0.0,0.0,0.0,3081.0,2015
201508,2015-08,District of Columbia,65.0,2.0,0.0,0,0.0,0.0,0.0,67.0,2015
201508,2015-08,Florida,42171.0,20307.0,2373.0,1700,0.0,0.0,0.0,66551.0,2015
201508,2015-08,Georgia,12736.0,9241.0,393.0,511,0.0,0.0,0.0,22881.0,2015
201508,2015-08,Guam,84.0,42.0,15.0,5,0.0,0.0,0.0,146.0,2015
201508,2015-08,Hawaii,0.0,0.0,0.0,0,0.0,2.0,0.0,0.0,2015
201508,2015-08,Idaho,2723.0,4163.0,118.0,173,7.0,1.0,0.0,7177.0,2015
201508,2015-08,Illinois,18088.0,11085.0,0.0,643,0.0,0.0,0.0,29816.0,2015
201508,2015-08,Indiana,16546.0,11880.0,894.0,510,18.0,0.0,1.0,29830.0,2015
201508,2015-08,Iowa,170.0,2288.0,14.0,3,0.0,0.0,0.0,2475.0,2015
201508,2015-08,Kansas,5378.0,5354.0,244.0,279,3.0,0.0,0.0,11255.0,2015
201508,2015-08,Kentucky,8238.0,7362.0,201.0,453,7.0,6.0,0.0,16254.0,2015
201508,2015-08,Louisiana,13992.0,11514.0,650.0,720,0.0,0.0,0.0,26876.0,2015
201508,2015-08,Maine,2966.0,3249.0,149.0,157,5.0,6.0,0.0,6521.0,2015
201508,2015-08,Mariana Islands,0.0,1.0,0.0,0,0.0,0.0,0.0,1.0,2015
201508,2015-08,Maryland,2783.0,4315.0,101.0,10,3.0,0.0,0.0,7209.0,2015
201508,2015-08,Massachusetts,5177.0,2623.0,329.0,188,0.0,1.0,0.0,8317.0,2015
201508,2015-08,Michigan,9157.0,9431.0,279.0,141,39.0,7.0,0.0,19008.0,2015
201508,2015-08,Minnesota,7643.0,11193.0,370.0,294,13.0,9.0,0.0,19500.0,2015
201508,2015-08,Mississippi,7830.0,6651.0,210.0,302,0.0,0.0,0.0,14993.0,2015
201508,2015-08,Missouri,16501.0,13231.0,941.0,846,110.0,28.0,1.0,31519.0,2015
201508,2015-08,Montana,2688.0,4672.0,116.0,216,4.0,3.0,0.0,7692.0,2015
201508,2015-08,Nebraska,140.0,1955.0,16.0,4,2.0,3.0,0.0,2115.0,2015
201508,2015-08,Nevada,3949.0,2462.0,178.0,234,0.0,0.0,0.0,6823.0,2015
201508,2015-08,New Hampshire,3870.0,3100.0,77.0,0,77.0,3.0,1.0,7047.0,2015
201508,2015-08,New Jersey,3555.0,2840.0,142.0,0,0.0,0.0,0.0,6537.0,2015
201508,2015-08,New Mexico,5029.0,3835.0,272.0,262,55.0,0.0,0.0,9398.0,2015
201508,2015-08,New York,7501.0,12410.0,492.0,122,0.0,1.0,1.0,20525.0,2015
201508,2015-08,North Carolina,1063.0,11789.0,575.0,196,0.0,0.0,0.0,13623.0,2015
201508,2015-08,North Dakota,1409.0,2855.0,70.0,60,0.0,0.0,0.0,4394.0,2015
201508,2015-08,Ohio,23147.0,15795.0,1132.0,1031,1.0,0.0,0.0,41105.0,2015
201508,2015-08,Oklahoma,11425.0,9936.0,737.0,799,0.0,0.0,0.0,22897.0,2015
201508,2015-08,Oregon,10589.0,8789.0,0.0,0,0.0,0.0,0.0,19378.0,2015
201508,2015-08,Pennsylvania,41542.0,7972.0,0.0,0,402.0,111.0,0.0,49514.0,2015
201508,2015-08,Puerto Rico,1070.0,227.0,24.0,23,0.0,0.0,0.0,1344.0,2015
201508,2015-08,Rhode Island,740.0,575.0,41.0,114,0.0,0.0,0.0,1470.0,2015
201508,2015-08,South Carolina,8487.0,6785.0,479.0,289,12.0,1.0,0.0,16040.0,2015
201508,2015-08,South Dakota,2233.0,3728.0,204.0,150,0.0,0.0,0.0,6315.0,2015
201508,2015-08,Tennessee,22983.0,15384.0,0.0,955,30.0,2.0,0.0,39322.0,2015
201508,2015-08,Texas,41503.0,40561.0,2433.0,2251,0.0,0.0,0.0,86748.0,2015
201508,2015-08,Utah,2689.0,3477.0,114.0,162,148.0,59.0,7.0,6442.0,2015
201508,2015-08,Vermont,1171.0,1190.0,46.0,56,0.0,0.0,0.0,2463.0,2015
201508,2015-08,Virgin Islands,18.0,2.0,0.0,0,0.0,0.0,0.0,20.0,2015
201508,2015-08,Virginia,18252.0,12733.0,793.0,0,3.0,2.0,0.0,31778.0,2015
201508,2015-08,Washington,12705.0,9373.0,1070.0,513,369.0,97.0,1.0,23661.0,2015
201508,2015-08,West Virginia,5565.0,5742.0,181.0,431,0.0,0.0,0.0,11919.0,2015
201508,2015-08,Wisconsin,11549.0,11531.0,421.0,37,29.0,14.0,6.0,23538.0,2015
201508,2015-08,Wyoming,1578.0,2045.0,80.0,100,0.0,0.0,0.0,3803.0,2015
201507,2015-07,Alabama,17698.0,10276.0,653.0,796,0.0,0.0,0.0,29423.0,2015
201507,2015-07,Alaska,2709.0,2439.0,116.0,164,16.0,9.0,0.0,5428.0,2015
201507,2015-07,Arizona,10226.0,6078.0,668.0,486,82.0,5.0,0.0,17458.0,2015
201507,2015-07,Arkansas,5216.0,4146.0,165.0,251,0.0,0.0,0.0,9778.0,2015
201507,2015-07,California,39980.0,27844.0,3995.0,0,0.0,0.0,0.0,71819.0,2015
201507,2015-07,Colorado,15828.0,10903.0,751.0,868,164.0,38.0,0.0,28350.0,2015
201507,2015-07,Connecticut,8660.0,3012.0,158.0,0,0.0,0.0,0.0,11830.0,2015
201507,2015-07,Delaware,1523.0,1148.0,58.0,36,0.0,0.0,0.0,2765.0,2015
201507,2015-07,District of Columbia,59.0,5.0,0.0,0,0.0,0.0,0.0,64.0,2015
201507,2015-07,Florida,42570.0,18069.0,2133.0,1598,1.0,1.0,0.0,64370.0,2015
201507,2015-07,Georgia,12674.0,6707.0,347.0,516,0.0,0.0,0.0,20244.0,2015
201507,2015-07,Guam,119.0,51.0,13.0,3,0.0,0.0,0.0,186.0,2015
201507,2015-07,Hawaii,0.0,0.0,0.0,0,1.0,1.0,0.0,0.0,2015
201507,2015-07,Idaho,2576.0,3125.0,121.0,156,1.0,2.0,0.0,5978.0,2015
201507,2015-07,Illinois,18469.0,9243.0,0.0,702,0.0,0.0,0.0,28414.0,2015
201507,2015-07,Indiana,15416.0,8954.0,758.0,429,26.0,0.0,0.0,25557.0,2015
201507,2015-07,Iowa,120.0,1563.0,22.0,3,0.0,0.0,0.0,1708.0,2015
201507,2015-07,Kansas,5641.0,3849.0,227.0,286,0.0,0.0,0.0,10003.0,2015
201507,2015-07,Kentucky,8223.0,5645.0,238.0,467,4.0,5.0,0.0,14573.0,2015
201507,2015-07,Louisiana,11858.0,7371.0,606.0,521,0.0,0.0,0.0,20356.0,2015
201507,2015-07,Maine,2973.0,2469.0,117.0,119,5.0,7.0,0.0,5678.0,2015
201507,2015-07,Mariana Islands,0.0,0.0,1.0,0,0.0,0.0,0.0,1.0,2015
201507,2015-07,Maryland,2918.0,3750.0,100.0,8,3.0,2.0,0.0,6776.0,2015
201507,2015-07,Massachusetts,4617.0,1993.0,326.0,140,0.0,0.0,0.0,7076.0,2015
201507,2015-07,Michigan,8837.0,6681.0,296.0,153,27.0,6.0,0.0,15967.0,2015
201507,2015-07,Minnesota,6949.0,7139.0,362.0,299,11.0,5.0,1.0,14749.0,2015
201507,2015-07,Mississippi,7869.0,4333.0,240.0,278,0.0,0.0,0.0,12720.0,2015
201507,2015-07,Missouri,16736.0,10260.0,935.0,810,108.0,44.0,6.0,28741.0,2015
201507,2015-07,Montana,2563.0,3612.0,92.0,186,7.0,4.0,2.0,6453.0,2015
201507,2015-07,Nebraska,103.0,1332.0,12.0,5,9.0,1.0,0.0,1452.0,2015
201507,2015-07,Nevada,4074.0,2201.0,186.0,210,0.0,0.0,0.0,6671.0,2015
201507,2015-07,New Hampshire,3675.0,2517.0,93.0,0,37.0,2.0,1.0,6285.0,2015
201507,2015-07,New Jersey,3925.0,2538.0,125.0,0,0.0,0.0,0.0,6588.0,2015
201507,2015-07,New Mexico,4745.0,3325.0,251.0,263,37.0,0.0,0.0,8584.0,2015
201507,2015-07,New York,8140.0,9957.0,416.0,114,1.0,0.0,0.0,18627.0,2015
201507,2015-07,North Carolina,964.0,9325.0,531.0,206,0.0,0.0,0.0,11026.0,2015
201507,2015-07,North Dakota,1400.0,2040.0,57.0,102,0.0,0.0,0.0,3599.0,2015
201507,2015-07,Ohio,23344.0,13252.0,1224.0,898,1.0,0.0,0.0,38718.0,2015
201507,2015-07,Oklahoma,11162.0,7162.0,690.0,810,0.0,0.0,0.0,19824.0,2015
201507,2015-07,Oregon,9956.0,8029.0,0.0,0,0.0,0.0,0.0,17985.0,2015
201507,2015-07,Pennsylvania,38287.0,6885.0,0.0,0,405.0,106.0,4.0,45172.0,2015
201507,2015-07,Puerto Rico,1083.0,213.0,12.0,28,0.0,0.0,0.0,1336.0,2015
201507,2015-07,Rhode Island,739.0,520.0,78.0,118,0.0,0.0,0.0,1455.0,2015
201507,2015-07,South Carolina,8486.0,4989.0,379.0,274,13.0,0.0,0.0,14128.0,2015
201507,2015-07,South Dakota,1926.0,2605.0,132.0,109,0.0,0.0,0.0,4772.0,2015
201507,2015-07,Tennessee,22803.0,12231.0,0.0,953,0.0,0.0,0.0,35987.0,2015
201507,2015-07,Texas,41237.0,27981.0,2300.0,2202,0.0,0.0,0.0,73720.0,2015
201507,2015-07,Utah,2586.0,2842.0,179.0,139,204.0,66.0,8.0,5746.0,2015
201507,2015-07,Vermont,1178.0,939.0,57.0,43,0.0,0.0,0.0,2217.0,2015
201507,2015-07,Virgin Islands,28.0,3.0,0.0,2,0.0,0.0,0.0,33.0,2015
201507,2015-07,Virginia,19564.0,11481.0,738.0,0,5.0,7.0,0.0,31783.0,2015
201507,2015-07,Washington,12222.0,8220.0,1000.0,479,384.0,85.0,6.0,21921.0,2015
201507,2015-07,West Virginia,5632.0,4503.0,186.0,378,0.0,0.0,0.0,10699.0,2015
201507,2015-07,Wisconsin,11408.0,7673.0,428.0,33,34.0,11.0,3.0,19542.0,2015
201507,2015-07,Wyoming,1512.0,1778.0,65.0,85,0.0,0.0,0.0,3440.0,2015
201506,2015-06,Alabama,15299.0,8861.0,541.0,598,0.0,0.0,0.0,25299.0,2015
201506,2015-06,Alaska,2612.0,2256.0,113.0,141,21.0,7.0,3.0,5122.0,2015
201506,2015-06,Arizona,9616.0,5804.0,587.0,455,76.0,8.0,0.0,16462.0,2015
201506,2015-06,Arkansas,4881.0,3689.0,162.0,245,0.0,0.0,0.0,8977.0,2015
201506,2015-06,California,33287.0,22795.0,3763.0,0,0.0,0.0,0.0,59845.0,2015
201506,2015-06,Colorado,15127.0,10700.0,722.0,826,138.0,23.0,0.0,27375.0,2015
201506,2015-06,Connecticut,9429.0,3201.0,119.0,0,0.0,0.0,0.0,12749.0,2015
201506,2015-06,Delaware,1589.0,1169.0,59.0,42,0.0,0.0,0.0,2859.0,2015
201506,2015-06,District of Columbia,45.0,4.0,0.0,0,0.0,0.0,0.0,49.0,2015
201506,2015-06,Florida,39592.0,17115.0,1989.0,1395,0.0,0.0,0.0,60091.0,2015
201506,2015-06,Georgia,11502.0,6000.0,279.0,394,0.0,0.0,0.0,18175.0,2015
201506,2015-06,Guam,108.0,56.0,15.0,5,0.0,0.0,0.0,184.0,2015
201506,2015-06,Hawaii,0.0,0.0,0.0,0,1.0,3.0,0.0,0.0,2015
201506,2015-06,Idaho,2381.0,3063.0,126.0,152,0.0,0.0,1.0,5722.0,2015
201506,2015-06,Illinois,17666.0,8230.0,0.0,583,0.0,0.0,0.0,26479.0,2015
201506,2015-06,Indiana,14845.0,8455.0,742.0,513,13.0,2.0,1.0,24555.0,2015
201506,2015-06,Iowa,184.0,1634.0,24.0,3,0.0,0.0,0.0,1845.0,2015
201506,2015-06,Kansas,4610.0,3174.0,222.0,207,0.0,0.0,0.0,8213.0,2015
201506,2015-06,Kentucky,7280.0,5300.0,178.0,402,7.0,2.0,0.0,13160.0,2015
201506,2015-06,Louisiana,10584.0,6441.0,529.0,448,0.0,0.0,0.0,18002.0,2015
201506,2015-06,Maine,2906.0,2155.0,127.0,107,4.0,2.0,0.0,5295.0,2015
201506,2015-06,Mariana Islands,0.0,2.0,0.0,0,0.0,0.0,0.0,2.0,2015
201506,2015-06,Maryland,2929.0,3776.0,91.0,12,3.0,1.0,0.0,6808.0,2015
201506,2015-06,Massachusetts,4398.0,2122.0,284.0,114,2.0,1.0,1.0,6918.0,2015
201506,2015-06,Michigan,8683.0,6668.0,313.0,153,61.0,14.0,0.0,15817.0,2015
201506,2015-06,Minnesota,7117.0,7084.0,358.0,238,16.0,8.0,4.0,14797.0,2015
201506,2015-06,Mississippi,6160.0,3422.0,207.0,230,0.0,0.0,0.0,10019.0,2015
201506,2015-06,Missouri,16285.0,9733.0,949.0,755,112.0,24.0,0.0,27722.0,2015
201506,2015-06,Montana,2514.0,3684.0,83.0,172,4.0,5.0,2.0,6453.0,2015
201506,2015-06,Nebraska,142.0,1238.0,14.0,1,0.0,0.0,0.0,1395.0,2015
201506,2015-06,Nevada,3778.0,2373.0,164.0,190,0.0,0.0,0.0,6505.0,2015
201506,2015-06,New Hampshire,3745.0,2356.0,63.0,1,74.0,5.0,3.0,6165.0,2015
201506,2015-06,New Jersey,4261.0,2606.0,140.0,0,0.0,0.0,0.0,7007.0,2015
201506,2015-06,New Mexico,4546.0,3374.0,307.0,209,39.0,1.0,0.0,8436.0,2015
201506,2015-06,New York,8140.0,10400.0,444.0,150,0.0,0.0,0.0,19134.0,2015
201506,2015-06,North Carolina,1034.0,8587.0,459.0,190,0.0,0.0,0.0,10270.0,2015
201506,2015-06,North Dakota,1335.0,2008.0,57.0,55,0.0,0.0,0.0,3455.0,2015
201506,2015-06,Ohio,22545.0,13307.0,1118.0,889,3.0,0.0,1.0,37859.0,2015
201506,2015-06,Oklahoma,10529.0,6612.0,679.0,664,0.0,0.0,0.0,18484.0,2015
201506,2015-06,Oregon,9661.0,8073.0,0.0,0,0.0,0.0,0.0,17734.0,2015
201506,2015-06,Pennsylvania,39007.0,6733.0,0.0,0,395.0,112.0,2.0,45740.0,2015
201506,2015-06,Puerto Rico,1228.0,198.0,26.0,36,0.0,0.0,0.0,1488.0,2015
201506,2015-06,Rhode Island,797.0,572.0,31.0,105,0.0,0.0,0.0,1505.0,2015
201506,2015-06,South Carolina,7693.0,4135.0,351.0,296,5.0,3.0,1.0,12475.0,2015
201506,2015-06,South Dakota,1866.0,2611.0,126.0,124,0.0,0.0,0.0,4727.0,2015
201506,2015-06,Tennessee,18596.0,10241.0,0.0,833,0.0,0.0,0.0,29670.0,2015
201506,2015-06,Texas,43199.0,27650.0,2432.0,2114,0.0,0.0,0.0,75395.0,2015
201506,2015-06,Utah,2549.0,2745.0,152.0,136,177.0,46.0,3.0,5582.0,2015
201506,2015-06,Vermont,1149.0,890.0,52.0,39,0.0,0.0,0.0,2130.0,2015
201506,2015-06,Virgin Islands,25.0,4.0,0.0,0,0.0,0.0,0.0,29.0,2015
201506,2015-06,Virginia,16539.0,10126.0,733.0,0,1.0,1.0,0.0,27398.0,2015
201506,2015-06,Washington,12207.0,8243.0,905.0,512,415.0,116.0,7.0,21867.0,2015
201506,2015-06,West Virginia,5468.0,4455.0,193.0,295,1.0,0.0,1.0,10411.0,2015
201506,2015-06,Wisconsin,9973.0,7540.0,466.0,34,53.0,17.0,4.0,18013.0,2015
201506,2015-06,Wyoming,1380.0,1731.0,62.0,70,0.0,0.0,0.0,3243.0,2015
201505,2015-05,Alabama,15629.0,9031.0,525.0,631,0.0,0.0,0.0,25816.0,2015
201505,2015-05,Alaska,2866.0,2337.0,178.0,166,1.0,1.0,0.0,5547.0,2015
201505,2015-05,Arizona,10829.0,6105.0,590.0,418,61.0,1.0,0.0,17942.0,2015
201505,2015-05,Arkansas,4871.0,3881.0,170.0,268,0.0,0.0,0.0,9190.0,2015
201505,2015-05,California,36049.0,25174.0,3848.0,0,0.0,0.0,0.0,65071.0,2015
201505,2015-05,Colorado,15660.0,11252.0,776.0,879,139.0,18.0,0.0,28567.0,2015
201505,2015-05,Connecticut,9170.0,3432.0,152.0,0,0.0,0.0,0.0,12754.0,2015
201505,2015-05,Delaware,1597.0,1197.0,38.0,55,0.0,0.0,0.0,2887.0,2015
201505,2015-05,District of Columbia,50.0,3.0,0.0,0,0.0,0.0,0.0,53.0,2015
201505,2015-05,Florida,39775.0,17145.0,1962.0,1420,0.0,0.0,0.0,60302.0,2015
201505,2015-05,Georgia,11029.0,5941.0,323.0,405,0.0,0.0,0.0,17698.0,2015
201505,2015-05,Guam,91.0,44.0,7.0,6,0.0,0.0,0.0,148.0,2015
201505,2015-05,Hawaii,0.0,0.0,0.0,0,0.0,3.0,0.0,0.0,2015
201505,2015-05,Idaho,2751.0,3569.0,131.0,157,4.0,5.0,2.0,6608.0,2015
201505,2015-05,Illinois,19457.0,9346.0,0.0,643,0.0,0.0,0.0,29446.0,2015
201505,2015-05,Indiana,15952.0,8778.0,744.0,566,4.0,0.0,0.0,26040.0,2015
201505,2015-05,Iowa,167.0,1781.0,12.0,9,0.0,0.0,0.0,1969.0,2015
201505,2015-05,Kansas,5200.0,3969.0,233.0,262,0.0,0.0,0.0,9664.0,2015
201505,2015-05,Kentucky,7321.0,5133.0,185.0,393,2.0,1.0,0.0,13032.0,2015
201505,2015-05,Louisiana,9916.0,6452.0,542.0,441,0.0,0.0,0.0,17351.0,2015
201505,2015-05,Maine,2593.0,2273.0,110.0,108,0.0,0.0,0.0,5084.0,2015
201505,2015-05,Mariana Islands,0.0,1.0,0.0,0,0.0,0.0,0.0,1.0,2015
201505,2015-05,Maryland,2665.0,3972.0,88.0,14,2.0,2.0,0.0,6739.0,2015
201505,2015-05,Massachusetts,4529.0,2296.0,267.0,111,0.0,1.0,0.0,7203.0,2015
201505,2015-05,Michigan,9289.0,6839.0,260.0,163,58.0,8.0,0.0,16551.0,2015
201505,2015-05,Minnesota,8050.0,7795.0,382.0,284,12.0,6.0,3.0,16511.0,2015
201505,2015-05,Mississippi,6734.0,3669.0,159.0,238,0.0,0.0,0.0,10800.0,2015
201505,2015-05,Missouri,17111.0,10085.0,799.0,730,84.0,11.0,4.0,28725.0,2015
201505,2015-05,Montana,2840.0,4108.0,75.0,223,0.0,1.0,1.0,7246.0,2015
201505,2015-05,Nebraska,104.0,1455.0,13.0,11,0.0,0.0,0.0,1583.0,2015
201505,2015-05,Nevada,4200.0,2611.0,170.0,212,0.0,0.0,0.0,7193.0,2015
201505,2015-05,New Hampshire,3813.0,2468.0,55.0,1,49.0,1.0,12.0,6337.0,2015
201505,2015-05,New Jersey,4118.0,2453.0,133.0,0,0.0,0.0,0.0,6704.0,2015
201505,2015-05,New Mexico,5143.0,3645.0,268.0,254,33.0,0.0,0.0,9310.0,2015
201505,2015-05,New York,7767.0,10516.0,449.0,114,0.0,0.0,0.0,18846.0,2015
201505,2015-05,North Carolina,1155.0,8393.0,482.0,182,0.0,0.0,0.0,10212.0,2015
201505,2015-05,North Dakota,1507.0,2349.0,49.0,68,0.0,0.0,0.0,3973.0,2015
201505,2015-05,Ohio,22978.0,12473.0,1026.0,958,4.0,0.0,1.0,37435.0,2015
201505,2015-05,Oklahoma,11082.0,7434.0,845.0,674,0.0,0.0,0.0,20035.0,2015
201505,2015-05,Oregon,10537.0,8722.0,0.0,0,0.0,0.0,0.0,19259.0,2015
201505,2015-05,Pennsylvania,38419.0,6825.0,0.0,0,401.0,80.0,4.0,45244.0,2015
201505,2015-05,Puerto Rico,1263.0,149.0,36.0,17,0.0,0.0,0.0,1465.0,2015
201505,2015-05,Rhode Island,865.0,520.0,35.0,122,0.0,0.0,0.0,1542.0,2015
201505,2015-05,South Carolina,7725.0,4088.0,395.0,273,1.0,0.0,0.0,12481.0,2015
201505,2015-05,South Dakota,2260.0,2932.0,139.0,129,0.0,0.0,0.0,5460.0,2015
201505,2015-05,Tennessee,18928.0,10314.0,0.0,773,0.0,0.0,0.0,30015.0,2015
201505,2015-05,Texas,44935.0,29899.0,2679.0,2233,0.0,0.0,0.0,79746.0,2015
201505,2015-05,Utah,2927.0,2935.0,141.0,161,169.0,42.0,3.0,6164.0,2015
201505,2015-05,Vermont,1152.0,921.0,47.0,48,0.0,0.0,0.0,2168.0,2015
201505,2015-05,Virgin Islands,12.0,2.0,0.0,2,0.0,0.0,0.0,16.0,2015
201505,2015-05,Virginia,17065.0,9854.0,680.0,0,1.0,0.0,1.0,27599.0,2015
201505,2015-05,Washington,12928.0,8555.0,1034.0,461,302.0,115.0,6.0,22978.0,2015
201505,2015-05,West Virginia,5596.0,4499.0,185.0,383,0.0,0.0,0.0,10663.0,2015
201505,2015-05,Wisconsin,10130.0,8532.0,483.0,28,42.0,16.0,5.0,19173.0,2015
201505,2015-05,Wyoming,1758.0,1871.0,93.0,97,0.0,0.0,0.0,3819.0,2015
201504,2015-04,Alabama,14929.0,9809.0,602.0,628,0.0,0.0,0.0,25968.0,2015
201504,2015-04,Alaska,3107.0,2908.0,186.0,200,1.0,0.0,0.0,6401.0,2015
201504,2015-04,Arizona,11236.0,6438.0,694.0,450,46.0,2.0,0.0,18818.0,2015
201504,2015-04,Arkansas,4951.0,4514.0,168.0,294,0.0,0.0,0.0,9927.0,2015
201504,2015-04,California,35479.0,25542.0,4370.0,0,0.0,0.0,0.0,65391.0,2015
201504,2015-04,Colorado,15865.0,11795.0,935.0,961,74.0,18.0,1.0,29556.0,2015
201504,2015-04,Connecticut,9624.0,3635.0,122.0,0,0.0,0.0,0.0,13381.0,2015
201504,2015-04,Delaware,1720.0,1228.0,64.0,57,0.0,0.0,0.0,3069.0,2015
201504,2015-04,District of Columbia,49.0,2.0,0.0,0,0.0,0.0,0.0,51.0,2015
201504,2015-04,Florida,40786.0,18180.0,1996.0,1351,0.0,0.0,0.0,62313.0,2015
201504,2015-04,Georgia,11926.0,6472.0,336.0,426,0.0,0.0,0.0,19160.0,2015
201504,2015-04,Guam,84.0,42.0,15.0,5,0.0,0.0,0.0,146.0,2015
201504,2015-04,Hawaii,0.0,0.0,0.0,0,2.0,0.0,0.0,0.0,2015
201504,2015-04,Idaho,2712.0,3727.0,140.0,161,2.0,0.0,0.0,6740.0,2015
201504,2015-04,Illinois,19123.0,9918.0,0.0,659,0.0,0.0,0.0,29700.0,2015
201504,2015-04,Indiana,16372.0,10732.0,823.0,541,0.0,0.0,0.0,28468.0,2015
201504,2015-04,Iowa,211.0,2163.0,13.0,4,0.0,0.0,0.0,2391.0,2015
201504,2015-04,Kansas,5754.0,4392.0,242.0,264,0.0,0.0,0.0,10652.0,2015
201504,2015-04,Kentucky,8012.0,6829.0,245.0,482,9.0,10.0,1.0,15568.0,2015
201504,2015-04,Louisiana,9998.0,6632.0,588.0,447,0.0,0.0,0.0,17665.0,2015
201504,2015-04,Maine,3112.0,2984.0,142.0,158,0.0,0.0,0.0,6396.0,2015
201504,2015-04,Mariana Islands,0.0,2.0,0.0,0,0.0,0.0,0.0,2.0,2015
201504,2015-04,Maryland,3227.0,5116.0,100.0,16,7.0,6.0,0.0,8459.0,2015
201504,2015-04,Massachusetts,5205.0,2642.0,354.0,135,0.0,0.0,1.0,8336.0,2015
201504,2015-04,Michigan,10428.0,8134.0,389.0,170,81.0,20.0,0.0,19121.0,2015
201504,2015-04,Minnesota,9626.0,10862.0,503.0,365,10.0,4.0,0.0,21356.0,2015
201504,2015-04,Mississippi,6771.0,4061.0,181.0,259,0.0,0.0,0.0,11272.0,2015
201504,2015-04,Missouri,17715.0,12531.0,812.0,926,15.0,3.0,0.0,31984.0,2015
201504,2015-04,Montana,2695.0,4166.0,97.0,189,0.0,0.0,0.0,7147.0,2015
201504,2015-04,Nebraska,134.0,1586.0,12.0,2,0.0,0.0,0.0,1734.0,2015
201504,2015-04,Nevada,3891.0,2533.0,189.0,220,0.0,0.0,0.0,6833.0,2015
201504,2015-04,New Hampshire,4277.0,3015.0,97.0,1,51.0,6.0,1.0,7390.0,2015
201504,2015-04,New Jersey,4462.0,3002.0,130.0,0,0.0,0.0,0.0,7594.0,2015
201504,2015-04,New Mexico,5084.0,3754.0,287.0,219,49.0,0.0,0.0,9344.0,2015
201504,2015-04,New York,9004.0,13499.0,557.0,149,0.0,0.0,0.0,23209.0,2015
201504,2015-04,North Carolina,950.0,9667.0,535.0,202,0.0,0.0,0.0,11354.0,2015
201504,2015-04,North Dakota,1530.0,2666.0,77.0,80,0.0,0.0,0.0,4353.0,2015
201504,2015-04,Ohio,26841.0,16124.0,1256.0,1022,1.0,1.0,0.0,45243.0,2015
201504,2015-04,Oklahoma,12508.0,8819.0,841.0,776,0.0,0.0,0.0,22944.0,2015
201504,2015-04,Oregon,11238.0,9305.0,0.0,0,0.0,0.0,0.0,20543.0,2015
201504,2015-04,Pennsylvania,45156.0,7908.0,0.0,0,423.0,122.0,0.0,53064.0,2015
201504,2015-04,Puerto Rico,954.0,170.0,25.0,13,0.0,0.0,0.0,1162.0,2015
201504,2015-04,Rhode Island,931.0,594.0,66.0,113,0.0,0.0,0.0,1704.0,2015
201504,2015-04,South Carolina,8123.0,4493.0,364.0,286,1.0,0.0,0.0,13266.0,2015
201504,2015-04,South Dakota,2474.0,3118.0,162.0,157,0.0,0.0,0.0,5911.0,2015
201504,2015-04,Tennessee,19190.0,11361.0,0.0,836,0.0,0.0,0.0,31387.0,2015
201504,2015-04,Texas,41412.0,29218.0,2447.0,2052,0.0,0.0,0.0,75129.0,2015
201504,2015-04,Utah,2720.0,3124.0,134.0,153,200.0,74.0,6.0,6131.0,2015
201504,2015-04,Vermont,1470.0,1477.0,57.0,74,0.0,0.0,0.0,3078.0,2015
201504,2015-04,Virgin Islands,18.0,6.0,0.0,1,0.0,0.0,0.0,25.0,2015
201504,2015-04,Virginia,18272.0,12038.0,686.0,0,2.0,1.0,0.0,30996.0,2015
201504,2015-04,Washington,14397.0,9063.0,1206.0,506,335.0,142.0,6.0,25172.0,2015
201504,2015-04,West Virginia,6777.0,5845.0,206.0,371,0.0,0.0,0.0,13199.0,2015
201504,2015-04,Wisconsin,11606.0,12006.0,564.0,43,0.0,0.0,0.0,24219.0,2015
201504,2015-04,Wyoming,1668.0,1995.0,70.0,97,0.0,0.0,0.0,3830.0,2015
201503,2015-03,Alabama,17870.0,12707.0,701.0,732,0.0,0.0,0.0,32010.0,2015
201503,2015-03,Alaska,3114.0,3092.0,206.0,171,0.0,0.0,0.0,6583.0,2015
201503,2015-03,Arizona,12720.0,7999.0,777.0,579,34.0,1.0,0.0,22075.0,2015
201503,2015-03,Arkansas,7010.0,5843.0,198.0,312,0.0,0.0,0.0,13363.0,2015
201503,2015-03,California,38597.0,30120.0,3822.0,0,0.0,0.0,0.0,72539.0,2015
201503,2015-03,Colorado,17716.0,14259.0,939.0,1112,0.0,0.0,0.0,34026.0,2015
201503,2015-03,Connecticut,11432.0,4709.0,250.0,0,0.0,0.0,0.0,16391.0,2015
201503,2015-03,Delaware,2145.0,1741.0,77.0,75,0.0,0.0,0.0,4038.0,2015
201503,2015-03,District of Columbia,62.0,4.0,0.0,2,0.0,0.0,0.0,68.0,2015
201503,2015-03,Florida,46739.0,22690.0,2279.0,1664,0.0,0.0,0.0,73372.0,2015
201503,2015-03,Georgia,16366.0,9436.0,459.0,583,0.0,0.0,0.0,26844.0,2015
201503,2015-03,Guam,96.0,47.0,13.0,5,0.0,0.0,0.0,161.0,2015
201503,2015-03,Hawaii,0.0,0.0,0.0,0,0.0,0.0,0.0,0.0,2015
201503,2015-03,Idaho,3303.0,4416.0,179.0,165,7.0,2.0,0.0,8063.0,2015
201503,2015-03,Illinois,17517.0,10329.0,0.0,681,0.0,0.0,0.0,28527.0,2015
201503,2015-03,Indiana,22176.0,13898.0,1201.0,670,0.0,0.0,0.0,37945.0,2015
201503,2015-03,Iowa,295.0,3211.0,24.0,7,0.0,0.0,0.0,3537.0,2015
201503,2015-03,Kansas,6823.0,5529.0,296.0,317,0.0,0.0,0.0,12965.0,2015
201503,2015-03,Kentucky,10407.0,8327.0,283.0,529,0.0,0.0,0.0,19546.0,2015
201503,2015-03,Louisiana,12506.0,9438.0,797.0,589,2.0,0.0,0.0,23330.0,2015
201503,2015-03,Maine,3634.0,3215.0,207.0,156,0.0,0.0,0.0,7212.0,2015
201503,2015-03,Mariana Islands,0.0,2.0,0.0,0,0.0,0.0,0.0,2.0,2015
201503,2015-03,Maryland,3235.0,5268.0,134.0,18,0.0,0.0,0.0,8655.0,2015
201503,2015-03,Massachusetts,6905.0,3446.0,380.0,172,1.0,1.0,1.0,10903.0,2015
201503,2015-03,Michigan,13506.0,10617.0,431.0,228,48.0,23.0,2.0,24782.0,2015
201503,2015-03,Minnesota,10796.0,12244.0,575.0,409,10.0,2.0,0.0,24024.0,2015
201503,2015-03,Mississippi,8788.0,5791.0,276.0,312,0.0,0.0,0.0,15167.0,2015
201503,2015-03,Missouri,23164.0,15636.0,1086.0,1037,15.0,5.0,0.0,40923.0,2015
201503,2015-03,Montana,3203.0,4804.0,125.0,234,0.0,0.0,0.0,8366.0,2015
201503,2015-03,Nebraska,123.0,2037.0,16.0,7,0.0,0.0,0.0,2183.0,2015
201503,2015-03,Nevada,4938.0,3075.0,242.0,271,0.0,0.0,0.0,8526.0,2015
201503,2015-03,New Hampshire,4853.0,3215.0,105.0,0,48.0,8.0,0.0,8173.0,2015
201503,2015-03,New Jersey,4924.0,3456.0,149.0,0,0.0,0.0,0.0,8529.0,2015
201503,2015-03,New Mexico,6149.0,4853.0,357.0,275,54.0,1.0,0.0,11634.0,2015
201503,2015-03,New York,9776.0,14574.0,663.0,154,0.0,0.0,0.0,25167.0,2015
201503,2015-03,North Carolina,1182.0,12154.0,639.0,208,0.0,0.0,0.0,14183.0,2015
201503,2015-03,North Dakota,2086.0,3302.0,92.0,105,0.0,0.0,0.0,5585.0,2015
201503,2015-03,Ohio,32293.0,20400.0,1797.0,1350,2.0,0.0,1.0,55840.0,2015
201503,2015-03,Oklahoma,14307.0,10437.0,981.0,892,0.0,0.0,0.0,26617.0,2015
201503,2015-03,Oregon,12693.0,11105.0,0.0,0,0.0,0.0,0.0,23798.0,2015
201503,2015-03,Pennsylvania,56770.0,10644.0,0.0,0,441.0,121.0,4.0,67414.0,2015
201503,2015-03,Puerto Rico,1131.0,163.0,59.0,17,0.0,0.0,0.0,1370.0,2015
201503,2015-03,Rhode Island,1038.0,743.0,54.0,112,0.0,0.0,0.0,1947.0,2015
201503,2015-03,South Carolina,9999.0,6364.0,446.0,324,0.0,0.0,0.0,17133.0,2015
201503,2015-03,South Dakota,3103.0,4041.0,169.0,193,0.0,0.0,0.0,7506.0,2015
201503,2015-03,Tennessee,22617.0,14513.0,0.0,967,0.0,0.0,0.0,38097.0,2015
201503,2015-03,Texas,53371.0,36853.0,2987.0,2534,0.0,0.0,0.0,95745.0,2015
201503,2015-03,Utah,3186.0,3867.0,159.0,161,185.0,111.0,9.0,7373.0,2015
201503,2015-03,Vermont,1522.0,1485.0,51.0,54,0.0,0.0,0.0,3112.0,2015
201503,2015-03,Virgin Islands,9.0,3.0,0.0,0,0.0,0.0,0.0,12.0,2015
201503,2015-03,Virginia,22865.0,15230.0,923.0,0,11.0,9.0,0.0,39018.0,2015
201503,2015-03,Washington,15965.0,11213.0,1310.0,536,345.0,120.0,5.0,29024.0,2015
201503,2015-03,West Virginia,9314.0,6894.0,307.0,503,0.0,0.0,0.0,17018.0,2015
201503,2015-03,Wisconsin,14792.0,14421.0,680.0,33,0.0,0.0,0.0,29926.0,2015
201503,2015-03,Wyoming,2023.0,2247.0,96.0,127,0.0,0.0,0.0,4493.0,2015
201502,2015-02,Alabama,23552.0,14293.0,844.0,1109,0.0,0.0,0.0,39798.0,2015
201502,2015-02,Alaska,3032.0,2552.0,211.0,252,0.0,0.0,0.0,6047.0,2015
201502,2015-02,Arizona,13951.0,8211.0,754.0,677,35.0,2.0,0.0,23593.0,2015
201502,2015-02,Arkansas,8799.0,7037.0,201.0,621,0.0,0.0,0.0,16658.0,2015
201502,2015-02,California,37478.0,27480.0,4417.0,0,0.0,0.0,0.0,69375.0,2015
201502,2015-02,Colorado,18284.0,12985.0,936.0,1170,0.0,0.0,0.0,33375.0,2015
201502,2015-02,Connecticut,9806.0,3890.0,246.0,0,0.0,0.0,0.0,13942.0,2015
201502,2015-02,Delaware,2135.0,1681.0,79.0,75,0.0,0.0,0.0,3970.0,2015
201502,2015-02,District of Columbia,53.0,0.0,0.0,0,0.0,0.0,0.0,53.0,2015
201502,2015-02,Florida,52791.0,24827.0,2303.0,1974,0.0,0.0,0.0,81895.0,2015
201502,2015-02,Georgia,22438.0,11166.0,493.0,962,0.0,0.0,0.0,35059.0,2015
201502,2015-02,Guam,86.0,47.0,11.0,3,0.0,0.0,0.0,147.0,2015
201502,2015-02,Hawaii,0.0,0.0,0.0,0,0.0,0.0,0.0,0.0,2015
201502,2015-02,Idaho,3723.0,4415.0,206.0,274,3.0,4.0,0.0,8618.0,2015
201502,2015-02,Illinois,23614.0,13379.0,0.0,1014,0.0,0.0,0.0,38007.0,2015
201502,2015-02,Indiana,24373.0,13650.0,1152.0,653,0.0,0.0,0.0,39828.0,2015
201502,2015-02,Iowa,268.0,2984.0,35.0,7,0.0,0.0,0.0,3294.0,2015
201502,2015-02,Kansas,7694.0,6109.0,320.0,477,0.0,0.0,0.0,14600.0,2015
201502,2015-02,Kentucky,13909.0,9486.0,310.0,1042,0.0,0.0,0.0,24747.0,2015
201502,2015-02,Louisiana,13427.0,9717.0,631.0,643,0.0,0.0,0.0,24418.0,2015
201502,2015-02,Maine,2962.0,2545.0,169.0,145,0.0,0.0,0.0,5821.0,2015
201502,2015-02,Mariana Islands,0.0,3.0,2.0,0,0.0,0.0,0.0,5.0,2015
201502,2015-02,Maryland,2815.0,4670.0,144.0,23,0.0,0.0,0.0,7652.0,2015
201502,2015-02,Massachusetts,4621.0,2174.0,295.0,129,2.0,0.0,1.0,7219.0,2015
201502,2015-02,Michigan,13093.0,9906.0,414.0,200,34.0,14.0,2.0,23613.0,2015
201502,2015-02,Minnesota,9846.0,9858.0,645.0,374,2.0,2.0,0.0,20723.0,2015
201502,2015-02,Mississippi,11559.0,6964.0,258.0,524,0.0,0.0,0.0,19305.0,2015
201502,2015-02,Missouri,26048.0,15858.0,1120.0,1346,20.0,6.0,1.0,44372.0,2015
201502,2015-02,Montana,3178.0,4248.0,131.0,314,0.0,0.0,0.0,7871.0,2015
201502,2015-02,Nebraska,133.0,2156.0,25.0,2,0.0,0.0,0.0,2316.0,2015
201502,2015-02,Nevada,5338.0,3100.0,229.0,271,0.0,0.0,0.0,8938.0,2015
201502,2015-02,New Hampshire,4184.0,2529.0,109.0,3,37.0,0.0,0.0,6825.0,2015
201502,2015-02,New Jersey,4101.0,3005.0,123.0,0,0.0,0.0,0.0,7229.0,2015
201502,2015-02,New Mexico,6039.0,4625.0,342.0,447,11.0,0.0,0.0,11453.0,2015
201502,2015-02,New York,8512.0,13343.0,643.0,153,0.0,0.0,0.0,22651.0,2015
201502,2015-02,North Carolina,1364.0,14638.0,772.0,396,0.0,0.0,0.0,17170.0,2015
201502,2015-02,North Dakota,1862.0,2783.0,106.0,94,0.0,0.0,0.0,4845.0,2015
201502,2015-02,Ohio,34137.0,18836.0,1682.0,1595,1.0,0.0,0.0,56250.0,2015
201502,2015-02,Oklahoma,16251.0,10864.0,932.0,1241,0.0,0.0,0.0,29288.0,2015
201502,2015-02,Oregon,13230.0,10932.0,0.0,0,0.0,0.0,0.0,24162.0,2015
201502,2015-02,Pennsylvania,51886.0,8727.0,0.0,0,323.0,117.0,1.0,60613.0,2015
201502,2015-02,Puerto Rico,1054.0,187.0,11.0,23,0.0,0.0,0.0,1275.0,2015
201502,2015-02,Rhode Island,922.0,635.0,59.0,136,0.0,0.0,0.0,1752.0,2015
201502,2015-02,South Carolina,13831.0,7072.0,500.0,502,0.0,0.0,0.0,21905.0,2015
201502,2015-02,South Dakota,3449.0,4167.0,173.0,211,0.0,0.0,0.0,8000.0,2015
201502,2015-02,Tennessee,27069.0,16763.0,0.0,1226,0.0,0.0,0.0,45058.0,2015
201502,2015-02,Texas,60204.0,39798.0,3091.0,3489,0.0,0.0,0.0,106582.0,2015
201502,2015-02,Utah,3668.0,4018.0,211.0,217,162.0,66.0,4.0,8114.0,2015
201502,2015-02,Vermont,1649.0,1421.0,83.0,65,0.0,0.0,0.0,3218.0,2015
201502,2015-02,Virgin Islands,8.0,2.0,0.0,0,0.0,0.0,0.0,10.0,2015
201502,2015-02,Virginia,23999.0,15237.0,1040.0,0,13.0,5.0,0.0,40276.0,2015
201502,2015-02,Washington,15771.0,11434.0,1431.0,741,119.0,36.0,10.0,29377.0,2015
201502,2015-02,West Virginia,9538.0,7719.0,262.0,721,0.0,0.0,1.0,18240.0,2015
201502,2015-02,Wisconsin,13332.0,12361.0,746.0,61,0.0,0.0,2.0,26500.0,2015
201502,2015-02,Wyoming,2131.0,2092.0,117.0,155,0.0,0.0,0.0,4495.0,2015
201501,2015-01,Alabama,16291.0,12944.0,849.0,739,0.0,0.0,0.0,30823.0,2015
201501,2015-01,Alaska,2439.0,2050.0,225.0,107,0.0,0.0,0.0,4821.0,2015
201501,2015-01,Arizona,10585.0,6808.0,723.0,510,0.0,0.0,0.0,18626.0,2015
201501,2015-01,Arkansas,5295.0,5760.0,202.0,319,0.0,0.0,0.0,11576.0,2015
201501,2015-01,California,37560.0,23524.0,4060.0,0,0.0,0.0,0.0,65144.0,2015
201501,2015-01,Colorado,15739.0,11932.0,1031.0,897,0.0,0.0,0.0,29599.0,2015
201501,2015-01,Connecticut,9910.0,3891.0,211.0,0,0.0,0.0,0.0,14012.0,2015
201501,2015-01,Delaware,1910.0,1596.0,82.0,84,0.0,0.0,0.0,3672.0,2015
201501,2015-01,District of Columbia,55.0,6.0,0.0,0,0.0,0.0,0.0,61.0,2015
201501,2015-01,Florida,43909.0,21939.0,2433.0,1752,0.0,0.0,0.0,70033.0,2015
201501,2015-01,Georgia,13650.0,9280.0,404.0,578,0.0,0.0,0.0,23912.0,2015
201501,2015-01,Guam,101.0,49.0,13.0,1,0.0,0.0,0.0,164.0,2015
201501,2015-01,Hawaii,0.0,0.0,0.0,0,0.0,0.0,0.0,0.0,2015
201501,2015-01,Idaho,2568.0,3342.0,187.0,153,2.0,0.0,0.0,6250.0,2015
201501,2015-01,Illinois,20682.0,12203.0,0.0,818,0.0,0.0,0.0,33703.0,2015
201501,2015-01,Indiana,18433.0,11935.0,1081.0,597,0.0,0.0,0.0,32046.0,2015
201501,2015-01,Iowa,197.0,2486.0,44.0,9,0.0,0.0,0.0,2736.0,2015
201501,2015-01,Kansas,5724.0,5577.0,331.0,304,0.0,0.0,0.0,11936.0,2015
201501,2015-01,Kentucky,9629.0,7663.0,241.0,535,0.0,0.0,0.0,18068.0,2015
201501,2015-01,Louisiana,10760.0,10358.0,789.0,498,0.0,0.0,0.0,22405.0,2015
201501,2015-01,Maine,2617.0,2285.0,168.0,117,0.0,0.0,0.0,5187.0,2015
201501,2015-01,Mariana Islands,0.0,0.0,1.0,0,0.0,0.0,0.0,1.0,2015
201501,2015-01,Maryland,2542.0,4795.0,108.0,12,0.0,0.0,0.0,7457.0,2015
201501,2015-01,Massachusetts,5139.0,2568.0,337.0,123,2.0,1.0,0.0,8167.0,2015
201501,2015-01,Michigan,9260.0,7923.0,436.0,191,22.0,4.0,3.0,17810.0,2015
201501,2015-01,Minnesota,8181.0,7949.0,604.0,324,2.0,3.0,1.0,17058.0,2015
201501,2015-01,Mississippi,6798.0,6220.0,261.0,314,0.0,0.0,0.0,13593.0,2015
201501,2015-01,Missouri,21243.0,13943.0,1185.0,900,0.0,0.0,0.0,37271.0,2015
201501,2015-01,Montana,2204.0,3380.0,114.0,180,0.0,11.0,1.0,5878.0,2015
201501,2015-01,Nebraska,169.0,2057.0,21.0,6,0.0,0.0,0.0,2253.0,2015
201501,2015-01,Nevada,3936.0,2553.0,219.0,241,0.0,0.0,0.0,6949.0,2015
201501,2015-01,New Hampshire,4097.0,2652.0,118.0,0,1.0,1.0,0.0,6867.0,2015
201501,2015-01,New Jersey,3854.0,3163.0,127.0,0,0.0,0.0,0.0,7144.0,2015
201501,2015-01,New Mexico,4548.0,3689.0,353.0,388,0.0,0.0,0.0,8978.0,2015
201501,2015-01,New York,9002.0,12478.0,597.0,141,0.0,0.0,0.0,22218.0,2015
201501,2015-01,North Carolina,1291.0,13043.0,641.0,213,0.0,0.0,0.0,15188.0,2015
201501,2015-01,North Dakota,1672.0,2793.0,81.0,83,0.0,0.0,0.0,4629.0,2015
201501,2015-01,Ohio,26268.0,16186.0,1678.0,1164,0.0,0.0,0.0,45296.0,2015
201501,2015-01,Oklahoma,13234.0,9811.0,1006.0,832,0.0,0.0,0.0,24883.0,2015
201501,2015-01,Oregon,10601.0,8766.0,0.0,0,0.0,0.0,0.0,19367.0,2015
201501,2015-01,Pennsylvania,44966.0,7800.0,0.0,0,0.0,0.0,0.0,52766.0,2015
201501,2015-01,Puerto Rico,1031.0,148.0,11.0,18,0.0,0.0,0.0,1208.0,2015
201501,2015-01,Rhode Island,886.0,622.0,63.0,140,0.0,0.0,0.0,1711.0,2015
201501,2015-01,South Carolina,8767.0,6156.0,507.0,289,0.0,0.0,0.0,15719.0,2015
201501,2015-01,South Dakota,2399.0,3631.0,188.0,147,0.0,0.0,0.0,6365.0,2015
201501,2015-01,Tennessee,22197.0,15007.0,0.0,970,0.0,0.0,0.0,38174.0,2015
201501,2015-01,Texas,44153.0,36397.0,2852.0,2306,0.0,0.0,0.0,85708.0,2015
201501,2015-01,Utah,2923.0,3317.0,198.0,135,69.0,28.0,2.0,6573.0,2015
201501,2015-01,Vermont,1171.0,1081.0,72.0,46,0.0,0.0,0.0,2370.0,2015
201501,2015-01,Virgin Islands,7.0,4.0,1.0,0,0.0,0.0,0.0,12.0,2015
201501,2015-01,Virginia,21023.0,14433.0,844.0,0,3.0,2.0,1.0,36300.0,2015
201501,2015-01,Washington,13781.0,9419.0,1423.0,473,0.0,0.0,0.0,25096.0,2015
201501,2015-01,West Virginia,6881.0,5876.0,289.0,406,0.0,0.0,0.0,13452.0,2015
201501,2015-01,Wisconsin,9703.0,9221.0,608.0,49,0.0,0.0,0.0,19581.0,2015
201501,2015-01,Wyoming,1646.0,1830.0,106.0,100,0.0,0.0,0.0,3682.0,2015
201412,2014-12,Alabama,23630.0,29449.0,773.0,1130,,,,54982.0,2014
201412,2014-12,Alaska,4259.0,4189.0,305.0,202,,,,8955.0,2014
201412,2014-12,Arizona,14200.0,11509.0,842.0,588,,,,27139.0,2014
201412,2014-12,Arkansas,8260.0,14121.0,191.0,398,,,,22970.0,2014
201412,2014-12,California,66770.0,47409.0,6956.0,0,,,,121135.0,2014
201412,2014-12,Colorado,20924.0,19494.0,1067.0,1185,,,,42670.0,2014
201412,2014-12,Connecticut,11516.0,5542.0,257.0,0,,,,17315.0,2014
201412,2014-12,Delaware,2320.0,3079.0,89.0,91,,,,5579.0,2014
201412,2014-12,District of Columbia,50.0,3.0,0.0,0,,,,53.0,2014
201412,2014-12,Florida,50412.0,37098.0,2500.0,1954,,,,91964.0,2014
201412,2014-12,Georgia,19541.0,22872.0,539.0,786,,,,43738.0,2014
201412,2014-12,Guam,117.0,58.0,21.0,7,,,,203.0,2014
201412,2014-12,Hawaii,0.0,0.0,0.0,0,,,,0.0,2014
201412,2014-12,Idaho,4260.0,6913.0,227.0,205,,,,11605.0,2014
201412,2014-12,Illinois,24857.0,19709.0,0.0,1013,,,,45579.0,2014
201412,2014-12,Indiana,23399.0,21186.0,1044.0,835,,,,46464.0,2014
201412,2014-12,Iowa,260.0,5574.0,39.0,6,,,,5879.0,2014
201412,2014-12,Kansas,7333.0,10739.0,363.0,438,,,,18873.0,2014
201412,2014-12,Kentucky,14308.0,17629.0,308.0,720,,,,32965.0,2014
201412,2014-12,Louisiana,15337.0,25507.0,740.0,808,,,,42392.0,2014
201412,2014-12,Maine,3653.0,4701.0,223.0,162,,,,8739.0,2014
201412,2014-12,Mariana Islands,0.0,0.0,0.0,0,,,,0.0,2014
201412,2014-12,Maryland,2839.0,8357.0,115.0,12,,,,11323.0,2014
201412,2014-12,Massachusetts,5486.0,3263.0,383.0,183,,,,9315.0,2014
201412,2014-12,Michigan,11860.0,15576.0,433.0,222,,,,28091.0,2014
201412,2014-12,Minnesota,9357.0,13082.0,577.0,369,,,,23385.0,2014
201412,2014-12,Mississippi,10726.0,17253.0,268.0,455,,,,28702.0,2014
201412,2014-12,Missouri,27713.0,25507.0,1224.0,1155,,,,55599.0,2014
201412,2014-12,Montana,3913.0,6802.0,109.0,273,,,,11097.0,2014
201412,2014-12,Nebraska,184.0,4455.0,29.0,11,,,,4679.0,2014
201412,2014-12,Nevada,5202.0,4356.0,285.0,298,,,,10141.0,2014
201412,2014-12,New Hampshire,5059.0,4122.0,100.0,2,,,,9283.0,2014
201412,2014-12,New Jersey,3796.0,4768.0,148.0,0,,,,8712.0,2014
201412,2014-12,New Mexico,6575.0,6721.0,383.0,331,,,,14010.0,2014
201412,2014-12,New York,9349.0,21403.0,604.0,164,,,,31520.0,2014
201412,2014-12,North Carolina,1745.0,27082.0,658.0,230,,,,29715.0,2014
201412,2014-12,North Dakota,2020.0,4018.0,74.0,101,,,,6213.0,2014
201412,2014-12,Ohio,35658.0,30752.0,1609.0,1436,,,,69455.0,2014
201412,2014-12,Oklahoma,19055.0,20488.0,1054.0,1183,,,,41780.0,2014
201412,2014-12,Oregon,14346.0,13994.0,0.0,0,,,,28340.0,2014
201412,2014-12,Pennsylvania,61828.0,12737.0,0.0,0,,,,74565.0,2014
201412,2014-12,Puerto Rico,1158.0,205.0,12.0,30,,,,1405.0,2014
201412,2014-12,Rhode Island,895.0,894.0,59.0,133,,,,1981.0,2014
201412,2014-12,South Carolina,11905.0,14320.0,477.0,408,,,,27110.0,2014
201412,2014-12,South Dakota,3098.0,5897.0,160.0,155,,,,9310.0,2014
201412,2014-12,Tennessee,30117.0,30298.0,0.0,1404,,,,61819.0,2014
201412,2014-12,Texas,66280.0,78321.0,3420.0,3302,,,,151323.0,2014
201412,2014-12,Utah,4744.0,8018.0,206.0,238,,,,13206.0,2014
201412,2014-12,Vermont,1306.0,1715.0,70.0,57,,,,3148.0,2014
201412,2014-12,Virgin Islands,13.0,0.0,0.0,0,,,,13.0,2014
201412,2014-12,Virginia,24410.0,24225.0,1092.0,0,,,,49727.0,2014
201412,2014-12,Washington,19476.0,15253.0,1647.0,657,,,,37033.0,2014
201412,2014-12,West Virginia,9844.0,12767.0,338.0,533,,,,23482.0,2014
201412,2014-12,Wisconsin,12139.0,14806.0,574.0,43,,,,27562.0,2014
201412,2014-12,Wyoming,2729.0,3383.0,111.0,118,,,,6341.0,2014
201411,2014-11,Alabama,16301.0,22502.0,544.0,963,,,,40310.0,2014
201411,2014-11,Alaska,3047.0,3798.0,257.0,214,,,,7316.0,2014
201411,2014-11,Arizona,9974.0,9362.0,643.0,477,,,,20456.0,2014
201411,2014-11,Arkansas,5277.0,12356.0,166.0,337,,,,18136.0,2014
201411,2014-11,California,43779.0,34964.0,4087.0,0,,,,82830.0,2014
201411,2014-11,Colorado,15478.0,16152.0,847.0,1235,,,,33712.0,2014
201411,2014-11,Connecticut,9106.0,4957.0,167.0,0,,,,14230.0,2014
201411,2014-11,Delaware,1846.0,2649.0,78.0,55,,,,4628.0,2014
201411,2014-11,District of Columbia,43.0,2.0,0.0,0,,,,45.0,2014
201411,2014-11,Florida,39126.0,30723.0,1974.0,1805,,,,73628.0,2014
201411,2014-11,Georgia,12951.0,16489.0,418.0,706,,,,30564.0,2014
201411,2014-11,Guam,89.0,47.0,17.0,7,,,,160.0,2014
201411,2014-11,Hawaii,0.0,0.0,0.0,0,,,,0.0,2014
201411,2014-11,Idaho,2611.0,5013.0,168.0,163,,,,7955.0,2014
201411,2014-11,Illinois,19282.0,18280.0,0.0,880,,,,38442.0,2014
201411,2014-11,Indiana,16681.0,20381.0,824.0,690,,,,38576.0,2014
201411,2014-11,Iowa,174.0,5018.0,19.0,4,,,,5215.0,2014
201411,2014-11,Kansas,5428.0,9622.0,227.0,371,,,,15648.0,2014
201411,2014-11,Kentucky,8807.0,15632.0,228.0,554,,,,25221.0,2014
201411,2014-11,Louisiana,10660.0,19375.0,548.0,642,,,,31225.0,2014
201411,2014-11,Maine,2356.0,4426.0,137.0,142,,,,7061.0,2014
201411,2014-11,Mariana Islands,0.0,1.0,0.0,1,,,,2.0,2014
201411,2014-11,Maryland,2290.0,8896.0,84.0,13,,,,11283.0,2014
201411,2014-11,Massachusetts,4698.0,3370.0,360.0,165,,,,8593.0,2014
201411,2014-11,Michigan,8752.0,17256.0,281.0,189,,,,26478.0,2014
201411,2014-11,Minnesota,6462.0,13470.0,405.0,311,,,,20648.0,2014
201411,2014-11,Mississippi,6019.0,13482.0,207.0,349,,,,20057.0,2014
201411,2014-11,Missouri,23419.0,26565.0,841.0,1120,,,,51945.0,2014
201411,2014-11,Montana,2442.0,5296.0,92.0,209,,,,8039.0,2014
201411,2014-11,Nebraska,135.0,3757.0,20.0,5,,,,3917.0,2014
201411,2014-11,Nevada,3807.0,3308.0,230.0,236,,,,7581.0,2014
201411,2014-11,New Hampshire,3838.0,3784.0,72.0,1,,,,7695.0,2014
201411,2014-11,New Jersey,3141.0,4357.0,114.0,0,,,,7612.0,2014
201411,2014-11,New Mexico,4734.0,5370.0,261.0,260,,,,10625.0,2014
201411,2014-11,New York,6959.0,22126.0,489.0,145,,,,29719.0,2014
201411,2014-11,North Carolina,1210.0,22312.0,483.0,226,,,,24231.0,2014
201411,2014-11,North Dakota,1447.0,4023.0,69.0,110,,,,5649.0,2014
201411,2014-11,Ohio,26893.0,32001.0,1413.0,1294,,,,61601.0,2014
201411,2014-11,Oklahoma,14060.0,17558.0,911.0,1011,,,,33540.0,2014
201411,2014-11,Oregon,10465.0,11486.0,0.0,0,,,,21951.0,2014
201411,2014-11,Pennsylvania,57010.0,13907.0,22.0,0,,,,70939.0,2014
201411,2014-11,Puerto Rico,1146.0,171.0,14.0,21,,,,1352.0,2014
201411,2014-11,Rhode Island,836.0,796.0,48.0,132,,,,1812.0,2014
201411,2014-11,South Carolina,8668.0,10869.0,412.0,415,,,,20364.0,2014
201411,2014-11,South Dakota,2231.0,5750.0,115.0,150,,,,8246.0,2014
201411,2014-11,Tennessee,21010.0,24913.0,0.0,1053,,,,46976.0,2014
201411,2014-11,Texas,47340.0,58551.0,2544.0,2815,,,,111250.0,2014
201411,2014-11,Utah,3189.0,5890.0,146.0,213,,,,9438.0,2014
201411,2014-11,Vermont,932.0,1814.0,47.0,36,,,,2829.0,2014
201411,2014-11,Virgin Islands,12.0,2.0,0.0,0,,,,14.0,2014
201411,2014-11,Virginia,19685.0,23164.0,898.0,0,,,,43747.0,2014
201411,2014-11,Washington,16080.0,13996.0,1886.0,626,,,,32588.0,2014
201411,2014-11,West Virginia,6057.0,12780.0,181.0,456,,,,19474.0,2014
201411,2014-11,Wisconsin,8645.0,16950.0,434.0,51,,,,26080.0,2014
201411,2014-11,Wyoming,1675.0,2637.0,85.0,99,,,,4496.0,2014
201410,2014-10,Alabama,13930.0,14643.0,507.0,811,,,,29891.0,2014
201410,2014-10,Alaska,3997.0,4406.0,246.0,290,,,,8939.0,2014
201410,2014-10,Arizona,9557.0,7966.0,577.0,517,,,,18617.0,2014
201410,2014-10,Arkansas,5164.0,9255.0,138.0,356,,,,14913.0,2014
201410,2014-10,California,42829.0,30607.0,3536.0,0,,,,76972.0,2014
201410,2014-10,Colorado,14704.0,14649.0,746.0,1065,,,,31164.0,2014
201410,2014-10,Connecticut,8934.0,4654.0,119.0,0,,,,13707.0,2014
201410,2014-10,Delaware,1562.0,1941.0,65.0,74,,,,3642.0,2014
201410,2014-10,District of Columbia,50.0,1.0,0.0,1,,,,52.0,2014
201410,2014-10,Florida,38428.0,23668.0,1904.0,1742,,,,65742.0,2014
201410,2014-10,Georgia,11239.0,12696.0,337.0,609,,,,24881.0,2014
201410,2014-10,Guam,112.0,40.0,14.0,6,,,,172.0,2014
201410,2014-10,Hawaii,0.0,0.0,0.0,0,,,,0.0,2014
201410,2014-10,Idaho,2351.0,5239.0,125.0,175,,,,7890.0,2014
201410,2014-10,Illinois,17927.0,14023.0,0.0,778,,,,32728.0,2014
201410,2014-10,Indiana,16054.0,15005.0,733.0,615,,,,32407.0,2014
201410,2014-10,Iowa,176.0,3667.0,22.0,3,,,,3868.0,2014
201410,2014-10,Kansas,4725.0,6092.0,248.0,299,,,,11364.0,2014
201410,2014-10,Kentucky,8530.0,11463.0,211.0,654,,,,20858.0,2014
201410,2014-10,Louisiana,9658.0,15343.0,519.0,670,,,,26190.0,2014
201410,2014-10,Maine,2800.0,6552.0,117.0,180,,,,9649.0,2014
201410,2014-10,Mariana Islands,0.0,2.0,0.0,0,,,,2.0,2014
201410,2014-10,Maryland,2410.0,5964.0,104.0,15,,,,8493.0,2014
201410,2014-10,Massachusetts,4902.0,3343.0,272.0,174,,,,8691.0,2014
201410,2014-10,Michigan,8642.0,13602.0,279.0,199,,,,22722.0,2014
201410,2014-10,Minnesota,7461.0,17386.0,407.0,374,,,,25628.0,2014
201410,2014-10,Mississippi,6024.0,8325.0,176.0,355,,,,14880.0,2014
201410,2014-10,Missouri,18128.0,20255.0,834.0,1037,,,,40254.0,2014
201410,2014-10,Montana,2651.0,6683.0,88.0,239,,,,9661.0,2014
201410,2014-10,Nebraska,130.0,2698.0,13.0,3,,,,2844.0,2014
201410,2014-10,Nevada,3830.0,2880.0,195.0,241,,,,7146.0,2014
201410,2014-10,New Hampshire,3975.0,4109.0,90.0,2,,,,8176.0,2014
201410,2014-10,New Jersey,3583.0,3736.0,116.0,0,,,,7435.0,2014
201410,2014-10,New Mexico,4910.0,4780.0,246.0,409,,,,10345.0,2014
201410,2014-10,New York,8190.0,21900.0,392.0,152,,,,30634.0,2014
201410,2014-10,North Carolina,1155.0,15491.0,465.0,230,,,,17341.0,2014
201410,2014-10,North Dakota,1598.0,5306.0,62.0,98,,,,7064.0,2014
201410,2014-10,Ohio,25552.0,22111.0,1495.0,1289,,,,50447.0,2014
201410,2014-10,Oklahoma,12353.0,12430.0,717.0,931,,,,26431.0,2014
201410,2014-10,Oregon,9939.0,10701.0,0.0,0,,,,20640.0,2014
201410,2014-10,Pennsylvania,50150.0,10758.0,0.0,0,,,,60908.0,2014
201410,2014-10,Puerto Rico,1151.0,195.0,8.0,22,,,,1376.0,2014
201410,2014-10,Rhode Island,907.0,806.0,55.0,110,,,,1878.0,2014
201410,2014-10,South Carolina,7251.0,7633.0,271.0,300,,,,15455.0,2014
201410,2014-10,South Dakota,2172.0,6508.0,122.0,151,,,,8953.0,2014
201410,2014-10,Tennessee,19184.0,17453.0,0.0,893,,,,37530.0,2014
201410,2014-10,Texas,39725.0,44864.0,2317.0,2636,,,,89542.0,2014
201410,2014-10,Utah,2335.0,4064.0,83.0,155,,,,6637.0,2014
201410,2014-10,Vermont,1130.0,1853.0,57.0,58,,,,3098.0,2014
201410,2014-10,Virgin Islands,27.0,1.0,0.0,0,,,,28.0,2014
201410,2014-10,Virginia,18009.0,17273.0,934.0,0,,,,36216.0,2014
201410,2014-10,Washington,13942.0,12017.0,1205.0,584,,,,27748.0,2014
201410,2014-10,West Virginia,6080.0,9459.0,178.0,485,,,,16202.0,2014
201410,2014-10,Wisconsin,10459.0,16475.0,456.0,41,,,,27431.0,2014
201410,2014-10,Wyoming,1597.0,2630.0,56.0,113,,,,4396.0,2014
201409,2014-09,Alabama,12337.0,13130.0,456.0,721,,,,26644.0,2014
201409,2014-09,Alaska,2416.0,3273.0,120.0,170,,,,5979.0,2014
201409,2014-09,Arizona,8689.0,7451.0,606.0,520,,,,17266.0,2014
201409,2014-09,Arkansas,4074.0,6480.0,115.0,349,,,,11018.0,2014
201409,2014-09,California,37720.0,28503.0,3278.0,0,,,,69501.0,2014
201409,2014-09,Colorado,13033.0,12658.0,639.0,899,,,,27229.0,2014
201409,2014-09,Connecticut,7785.0,3660.0,144.0,0,,,,11589.0,2014
201409,2014-09,Delaware,1370.0,1688.0,45.0,58,,,,3161.0,2014
201409,2014-09,District of Columbia,47.0,1.0,0.0,0,,,,48.0,2014
201409,2014-09,Florida,37253.0,21661.0,1791.0,1722,,,,62427.0,2014
201409,2014-09,Georgia,9973.0,9497.0,294.0,518,,,,20282.0,2014
201409,2014-09,Guam,86.0,44.0,47.0,4,,,,181.0,2014
201409,2014-09,Hawaii,0.0,0.0,0.0,0,,,,0.0,2014
201409,2014-09,Idaho,2367.0,4956.0,69.0,174,,,,7566.0,2014
201409,2014-09,Illinois,16060.0,12191.0,0.0,821,,,,29072.0,2014
201409,2014-09,Indiana,13876.0,12326.0,647.0,615,,,,27464.0,2014
201409,2014-09,Iowa,178.0,2660.0,23.0,4,,,,2865.0,2014
201409,2014-09,Kansas,3935.0,5343.0,187.0,263,,,,9728.0,2014
201409,2014-09,Kentucky,6912.0,8077.0,183.0,498,,,,15670.0,2014
201409,2014-09,Louisiana,11352.0,16638.0,518.0,819,,,,29327.0,2014
201409,2014-09,Maine,2440.0,4596.0,120.0,171,,,,7327.0,2014
201409,2014-09,Mariana Islands,0.0,2.0,0.0,0,,,,2.0,2014
201409,2014-09,Maryland,2282.0,4797.0,87.0,13,,,,7179.0,2014
201409,2014-09,Massachusetts,4098.0,2420.0,254.0,129,,,,6901.0,2014
201409,2014-09,Michigan,7668.0,12051.0,242.0,179,,,,20140.0,2014
201409,2014-09,Minnesota,6621.0,15768.0,375.0,303,,,,23067.0,2014
201409,2014-09,Mississippi,7427.0,8847.0,190.0,426,,,,16890.0,2014
201409,2014-09,Missouri,14837.0,14838.0,646.0,891,,,,31212.0,2014
201409,2014-09,Montana,2562.0,5273.0,76.0,219,,,,8130.0,2014
201409,2014-09,Nebraska,90.0,2156.0,13.0,6,,,,2265.0,2014
201409,2014-09,Nevada,3517.0,2803.0,153.0,244,,,,6717.0,2014
201409,2014-09,New Hampshire,3466.0,3192.0,67.0,2,,,,6727.0,2014
201409,2014-09,New Jersey,3492.0,2854.0,124.0,0,,,,6470.0,2014
201409,2014-09,New Mexico,4080.0,4168.0,203.0,244,,,,8695.0,2014
201409,2014-09,New York,7350.0,16835.0,455.0,125,,,,24765.0,2014
201409,2014-09,North Carolina,926.0,12314.0,364.0,202,,,,13806.0,2014
201409,2014-09,North Dakota,1389.0,3798.0,49.0,87,,,,5323.0,2014
201409,2014-09,Ohio,20852.0,17783.0,912.0,1066,,,,40613.0,2014
201409,2014-09,Oklahoma,10040.0,10567.0,573.0,877,,,,22057.0,2014
201409,2014-09,Oregon,9089.0,10389.0,0.0,0,,,,19478.0,2014
201409,2014-09,Pennsylvania,42506.0,8823.0,0.0,0,,,,51329.0,2014
201409,2014-09,Puerto Rico,1018.0,224.0,11.0,26,,,,1279.0,2014
201409,2014-09,Rhode Island,779.0,627.0,49.0,105,,,,1560.0,2014
201409,2014-09,South Carolina,6192.0,6127.0,253.0,297,,,,12869.0,2014
201409,2014-09,South Dakota,2006.0,4479.0,109.0,156,,,,6750.0,2014
201409,2014-09,Tennessee,16841.0,14442.0,0.0,805,,,,32088.0,2014
201409,2014-09,Texas,34837.0,46899.0,1949.0,2376,,,,86061.0,2014
201409,2014-09,Utah,2458.0,4059.0,90.0,144,,,,6751.0,2014
201409,2014-09,Vermont,1033.0,1604.0,45.0,57,,,,2739.0,2014
201409,2014-09,Virgin Islands,8.0,4.0,0.0,0,,,,12.0,2014
201409,2014-09,Virginia,16028.0,14835.0,754.0,0,,,,31617.0,2014
201409,2014-09,Washington,11366.0,10589.0,919.0,532,,,,23406.0,2014
201409,2014-09,West Virginia,5203.0,7365.0,189.0,425,,,,13182.0,2014
201409,2014-09,Wisconsin,9224.0,13579.0,412.0,31,,,,23246.0,2014
201409,2014-09,Wyoming,1514.0,2483.0,53.0,97,,,,4147.0,2014
201408,2014-08,Alabama,13082.0,11806.0,504.0,781,,,,26173.0,2014
201408,2014-08,Alaska,2923.0,3852.0,143.0,231,,,,7149.0,2014
201408,2014-08,Arizona,9189.0,7159.0,616.0,500,,,,17464.0,2014
201408,2014-08,Arkansas,4075.0,5296.0,102.0,300,,,,9773.0,2014
201408,2014-08,California,38710.0,30590.0,3454.0,0,,,,72754.0,2014
201408,2014-08,Colorado,14088.0,12531.0,639.0,908,,,,28166.0,2014
201408,2014-08,Connecticut,6001.0,2553.0,77.0,0,,,,8631.0,2014
201408,2014-08,Delaware,1427.0,1623.0,53.0,53,,,,3156.0,2014
201408,2014-08,District of Columbia,44.0,3.0,0.0,0,,,,47.0,2014
201408,2014-08,Florida,37260.0,19794.0,2009.0,1649,,,,60712.0,2014
201408,2014-08,Georgia,10608.0,8358.0,291.0,502,,,,19759.0,2014
201408,2014-08,Guam,82.0,47.0,29.0,4,,,,162.0,2014
201408,2014-08,Hawaii,0.0,0.0,0.0,0,,,,0.0,2014
201408,2014-08,Idaho,2298.0,3968.0,97.0,164,,,,6527.0,2014
201408,2014-08,Illinois,16532.0,12191.0,0.0,716,,,,29439.0,2014
201408,2014-08,Indiana,15459.0,12168.0,662.0,540,,,,28829.0,2014
201408,2014-08,Iowa,117.0,2205.0,18.0,3,,,,2343.0,2014
201408,2014-08,Kansas,3930.0,4968.0,201.0,304,,,,9403.0,2014
201408,2014-08,Kentucky,7230.0,7382.0,155.0,558,,,,15325.0,2014
201408,2014-08,Louisiana,10024.0,10791.0,575.0,589,,,,21979.0,2014
201408,2014-08,Maine,2299.0,3387.0,113.0,137,,,,5936.0,2014
201408,2014-08,Mariana Islands,0.0,0.0,0.0,0,,,,0.0,2014
201408,2014-08,Maryland,2393.0,4587.0,62.0,10,,,,7052.0,2014
201408,2014-08,Massachusetts,4868.0,2726.0,320.0,181,,,,8095.0,2014
201408,2014-08,Michigan,7886.0,9867.0,267.0,172,,,,18192.0,2014
201408,2014-08,Minnesota,6595.0,11540.0,378.0,327,,,,18840.0,2014
201408,2014-08,Mississippi,5690.0,6078.0,176.0,314,,,,12258.0,2014
201408,2014-08,Missouri,17329.0,14418.0,677.0,1015,,,,33439.0,2014
201408,2014-08,Montana,2712.0,4427.0,68.0,228,,,,7435.0,2014
201408,2014-08,Nebraska,81.0,1878.0,8.0,4,,,,1971.0,2014
201408,2014-08,Nevada,3749.0,2720.0,189.0,268,,,,6926.0,2014
201408,2014-08,New Hampshire,3616.0,3162.0,74.0,2,,,,6854.0,2014
201408,2014-08,New Jersey,3653.0,3035.0,140.0,0,,,,6828.0,2014
201408,2014-08,New Mexico,4498.0,3949.0,205.0,260,,,,8912.0,2014
201408,2014-08,New York,7025.0,13388.0,415.0,124,,,,20952.0,2014
201408,2014-08,North Carolina,930.0,12038.0,448.0,246,,,,13662.0,2014
201408,2014-08,North Dakota,1353.0,2979.0,49.0,79,,,,4460.0,2014
201408,2014-08,Ohio,20742.0,16787.0,939.0,1031,,,,39499.0,2014
201408,2014-08,Oklahoma,10714.0,9635.0,600.0,878,,,,21827.0,2014
201408,2014-08,Oregon,8476.0,8157.0,0.0,0,,,,16633.0,2014
201408,2014-08,Pennsylvania,40384.0,8958.0,0.0,0,,,,49342.0,2014
201408,2014-08,Puerto Rico,1078.0,256.0,8.0,31,,,,1373.0,2014
201408,2014-08,Rhode Island,790.0,683.0,37.0,100,,,,1610.0,2014
201408,2014-08,South Carolina,6621.0,5989.0,329.0,285,,,,13224.0,2014
201408,2014-08,South Dakota,1972.0,3693.0,72.0,136,,,,5873.0,2014
201408,2014-08,Tennessee,17136.0,14233.0,0.0,862,,,,32231.0,2014
201408,2014-08,Texas,38172.0,43507.0,2309.0,2337,,,,86325.0,2014
201408,2014-08,Utah,2364.0,3132.0,87.0,123,,,,5706.0,2014
201408,2014-08,Vermont,1020.0,1177.0,30.0,47,,,,2274.0,2014
201408,2014-08,Virgin Islands,11.0,1.0,0.0,1,,,,13.0,2014
201408,2014-08,Virginia,16034.0,13675.0,792.0,0,,,,30501.0,2014
201408,2014-08,Washington,11570.0,9239.0,867.0,488,,,,22164.0,2014
201408,2014-08,West Virginia,5236.0,5986.0,180.0,380,,,,11782.0,2014
201408,2014-08,Wisconsin,8526.0,11849.0,388.0,35,,,,20798.0,2014
201408,2014-08,Wyoming,1517.0,1964.0,46.0,83,,,,3610.0,2014
201407,2014-07,Alabama,11554.0,9544.0,492.0,600,,,,22190.0,2014
201407,2014-07,Alaska,2565.0,2564.0,109.0,130,,,,5368.0,2014
201407,2014-07,Arizona,8216.0,5610.0,557.0,453,,,,14836.0,2014
201407,2014-07,Arkansas,3668.0,3928.0,133.0,245,,,,7974.0,2014
201407,2014-07,California,34912.0,24482.0,3254.0,0,,,,62648.0,2014
201407,2014-07,Colorado,13288.0,10489.0,627.0,788,,,,25192.0,2014
201407,2014-07,Connecticut,4141.0,1489.0,92.0,0,,,,5722.0,2014
201407,2014-07,Delaware,1301.0,1333.0,64.0,61,,,,2759.0,2014
201407,2014-07,District of Columbia,44.0,4.0,0.0,1,,,,49.0,2014
201407,2014-07,Florida,33878.0,17356.0,1737.0,1419,,,,54390.0,2014
201407,2014-07,Georgia,8998.0,5971.0,261.0,428,,,,15658.0,2014
201407,2014-07,Guam,72.0,38.0,12.0,4,,,,126.0,2014
201407,2014-07,Hawaii,0.0,0.0,0.0,0,,,,0.0,2014
201407,2014-07,Idaho,1970.0,2823.0,81.0,132,,,,5006.0,2014
201407,2014-07,Illinois,15798.0,9607.0,0.0,687,,,,26092.0,2014
201407,2014-07,Indiana,13475.0,9126.0,555.0,471,,,,23627.0,2014
201407,2014-07,Iowa,119.0,1606.0,14.0,2,,,,1741.0,2014
201407,2014-07,Kansas,3884.0,3623.0,201.0,211,,,,7919.0,2014
201407,2014-07,Kentucky,6375.0,5428.0,151.0,484,,,,12438.0,2014
201407,2014-07,Louisiana,7931.0,7199.0,489.0,427,,,,16046.0,2014
201407,2014-07,Maine,1995.0,2381.0,101.0,124,,,,4601.0,2014
201407,2014-07,Mariana Islands,0.0,2.0,0.0,0,,,,2.0,2014
201407,2014-07,Maryland,1953.0,3534.0,91.0,11,,,,5589.0,2014
201407,2014-07,Massachusetts,3922.0,2154.0,292.0,118,,,,6486.0,2014
201407,2014-07,Michigan,7133.0,6479.0,228.0,141,,,,13981.0,2014
201407,2014-07,Minnesota,6012.0,7192.0,285.0,237,,,,13726.0,2014
201407,2014-07,Mississippi,4733.0,3874.0,133.0,259,,,,8999.0,2014
201407,2014-07,Missouri,12678.0,9729.0,570.0,682,,,,23659.0,2014
201407,2014-07,Montana,2111.0,3279.0,73.0,182,,,,5645.0,2014
201407,2014-07,Nebraska,75.0,1241.0,10.0,4,,,,1330.0,2014
201407,2014-07,Nevada,3359.0,2279.0,209.0,214,,,,6061.0,2014
201407,2014-07,New Hampshire,3126.0,2456.0,61.0,0,,,,5643.0,2014
201407,2014-07,New Jersey,3989.0,2681.0,122.0,0,,,,6792.0,2014
201407,2014-07,New Mexico,3803.0,3193.0,230.0,249,,,,7475.0,2014
201407,2014-07,New York,7428.0,9573.0,338.0,90,,,,17429.0,2014
201407,2014-07,North Carolina,787.0,8442.0,392.0,191,,,,9812.0,2014
201407,2014-07,North Dakota,1150.0,2145.0,48.0,73,,,,3416.0,2014
201407,2014-07,Ohio,19770.0,14202.0,1000.0,875,,,,35847.0,2014
201407,2014-07,Oklahoma,9523.0,7517.0,644.0,769,,,,18453.0,2014
201407,2014-07,Oregon,7888.0,6998.0,0.0,0,,,,14886.0,2014
201407,2014-07,Pennsylvania,34544.0,6543.0,0.0,0,,,,41087.0,2014
201407,2014-07,Puerto Rico,950.0,214.0,9.0,27,,,,1200.0,2014
201407,2014-07,Rhode Island,686.0,564.0,31.0,85,,,,1366.0,2014
201407,2014-07,South Carolina,5453.0,4095.0,294.0,271,,,,10113.0,2014
201407,2014-07,South Dakota,1816.0,2559.0,134.0,115,,,,4624.0,2014
201407,2014-07,Tennessee,15442.0,10414.0,0.0,701,,,,26557.0,2014
201407,2014-07,Texas,32736.0,28145.0,2088.0,2043,,,,65012.0,2014
201407,2014-07,Utah,1990.0,2532.0,69.0,109,,,,4700.0,2014
201407,2014-07,Vermont,916.0,888.0,34.0,30,,,,1868.0,2014
201407,2014-07,Virgin Islands,13.0,7.0,0.0,0,,,,20.0,2014
201407,2014-07,Virginia,15727.0,11605.0,699.0,0,,,,28031.0,2014
201407,2014-07,Washington,10715.0,7606.0,839.0,476,,,,19636.0,2014
201407,2014-07,West Virginia,4847.0,4587.0,163.0,325,,,,9922.0,2014
201407,2014-07,Wisconsin,7883.0,7746.0,364.0,40,,,,16033.0,2014
201407,2014-07,Wyoming,1425.0,1691.0,65.0,89,,,,3270.0,2014
201406,2014-06,Alabama,11437.0,10279.0,417.0,568,0.0,,,22701.0,2014
201406,2014-06,Alaska,2627.0,2467.0,130.0,155,0.0,,,5379.0,2014
201406,2014-06,Arizona,8507.0,5496.0,590.0,456,0.0,,,15049.0,2014
201406,2014-06,Arkansas,3859.0,3788.0,98.0,231,0.0,,,7976.0,2014
201406,2014-06,California,34232.0,24557.0,3818.0,0,0.0,,,62607.0,2014
201406,2014-06,Colorado,12549.0,9343.0,600.0,720,0.0,,,23212.0,2014
201406,2014-06,Connecticut,4293.0,1647.0,70.0,0,0.0,,,6010.0,2014
201406,2014-06,Delaware,1451.0,1146.0,62.0,63,0.0,,,2722.0,2014
201406,2014-06,District of Columbia,21.0,1.0,0.0,0,0.0,,,22.0,2014
201406,2014-06,Florida,33636.0,17047.0,1569.0,1403,0.0,,,53655.0,2014
201406,2014-06,Georgia,9625.0,6006.0,216.0,342,0.0,,,16189.0,2014
201406,2014-06,Guam,84.0,42.0,13.0,6,0.0,,,145.0,2014
201406,2014-06,Hawaii,0.0,0.0,0.0,0,0.0,,,0.0,2014
201406,2014-06,Idaho,2220.0,3190.0,105.0,128,0.0,,,5643.0,2014
201406,2014-06,Illinois,15406.0,8740.0,0.0,570,0.0,,,24716.0,2014
201406,2014-06,Indiana,13069.0,8702.0,530.0,415,0.0,,,22716.0,2014
201406,2014-06,Iowa,146.0,1614.0,18.0,4,0.0,,,1782.0,2014
201406,2014-06,Kansas,3682.0,3604.0,172.0,219,0.0,,,7677.0,2014
201406,2014-06,Kentucky,6061.0,5196.0,157.0,387,0.0,,,11801.0,2014
201406,2014-06,Louisiana,9220.0,6868.0,546.0,440,0.0,,,17074.0,2014
201406,2014-06,Maine,2065.0,2185.0,95.0,110,0.0,,,4455.0,2014
201406,2014-06,Mariana Islands,0.0,1.0,0.0,0,0.0,,,1.0,2014
201406,2014-06,Maryland,2383.0,3641.0,91.0,15,0.0,,,6130.0,2014
201406,2014-06,Massachusetts,4060.0,2021.0,305.0,123,0.0,,,6509.0,2014
201406,2014-06,Michigan,7041.0,6044.0,242.0,139,0.0,,,13466.0,2014
201406,2014-06,Minnesota,6592.0,6796.0,288.0,273,0.0,,,13949.0,2014
201406,2014-06,Mississippi,4596.0,3664.0,138.0,235,0.0,,,8633.0,2014
201406,2014-06,Missouri,13225.0,9673.0,584.0,688,0.0,,,24170.0,2014
201406,2014-06,Montana,2469.0,3630.0,73.0,186,0.0,,,6358.0,2014
201406,2014-06,Nebraska,89.0,1144.0,4.0,3,0.0,,,1240.0,2014
201406,2014-06,Nevada,3695.0,2418.0,189.0,220,0.0,,,6522.0,2014
201406,2014-06,New Hampshire,3214.0,2561.0,54.0,0,0.0,,,5829.0,2014
201406,2014-06,New Jersey,4018.0,2493.0,138.0,0,0.0,,,6649.0,2014
201406,2014-06,New Mexico,4237.0,3269.0,208.0,220,0.0,,,7934.0,2014
201406,2014-06,New York,6991.0,9201.0,343.0,123,0.0,,,16658.0,2014
201406,2014-06,North Carolina,751.0,8702.0,360.0,198,0.0,,,10011.0,2014
201406,2014-06,North Dakota,1191.0,2114.0,37.0,62,0.0,,,3404.0,2014
201406,2014-06,Ohio,18471.0,13177.0,947.0,840,0.0,,,33435.0,2014
201406,2014-06,Oklahoma,9705.0,7568.0,649.0,699,0.0,,,18621.0,2014
201406,2014-06,Oregon,8731.0,7689.0,0.0,0,0.0,,,16420.0,2014
201406,2014-06,Pennsylvania,33261.0,6077.0,0.0,0,0.0,,,39338.0,2014
201406,2014-06,Puerto Rico,930.0,204.0,16.0,19,0.0,,,1169.0,2014
201406,2014-06,Rhode Island,657.0,487.0,26.0,75,0.0,,,1245.0,2014
201406,2014-06,South Carolina,5911.0,3745.0,260.0,215,0.0,,,10131.0,2014
201406,2014-06,South Dakota,1794.0,2468.0,73.0,134,0.0,,,4469.0,2014
201406,2014-06,Tennessee,14563.0,10004.0,0.0,663,0.0,,,25230.0,2014
201406,2014-06,Texas,34426.0,27426.0,2067.0,1798,0.0,,,65717.0,2014
201406,2014-06,Utah,2182.0,2654.0,100.0,100,0.0,,,5036.0,2014
201406,2014-06,Vermont,867.0,787.0,48.0,32,0.0,,,1734.0,2014
201406,2014-06,Virgin Islands,19.0,2.0,0.0,1,0.0,,,22.0,2014
201406,2014-06,Virginia,14711.0,11017.0,623.0,0,0.0,,,26351.0,2014
201406,2014-06,Washington,11690.0,8253.0,825.0,456,0.0,,,21224.0,2014
201406,2014-06,West Virginia,4786.0,4290.0,148.0,305,1.0,,,9529.0,2014
201406,2014-06,Wisconsin,7922.0,7111.0,349.0,36,0.0,,,15418.0,2014
201406,2014-06,Wyoming,1503.0,1774.0,76.0,92,0.0,,,3445.0,2014
201405,2014-05,Alabama,12872.0,8807.0,502.0,620,,,,22801.0,2014
201405,2014-05,Alaska,2990.0,3161.0,139.0,187,,,,6477.0,2014
201405,2014-05,Arizona,9112.0,6065.0,582.0,435,,,,16194.0,2014
201405,2014-05,Arkansas,3931.0,3869.0,102.0,252,,,,8154.0,2014
201405,2014-05,California,38192.0,26630.0,3879.0,0,,,,68701.0,2014
201405,2014-05,Colorado,13775.0,10818.0,693.0,863,,,,26149.0,2014
201405,2014-05,Connecticut,4837.0,1900.0,68.0,0,,,,6805.0,2014
201405,2014-05,Delaware,1790.0,1671.0,61.0,56,,,,3578.0,2014
201405,2014-05,District of Columbia,29.0,2.0,0.0,0,,,,31.0,2014
201405,2014-05,Florida,35254.0,17504.0,1756.0,1518,,,,56032.0,2014
201405,2014-05,Georgia,10127.0,6051.0,301.0,404,,,,16883.0,2014
201405,2014-05,Guam,77.0,58.0,22.0,9,,,,166.0,2014
201405,2014-05,Hawaii,0.0,0.0,0.0,0,,,,0.0,2014
201405,2014-05,Idaho,2436.0,3399.0,91.0,151,,,,6077.0,2014
201405,2014-05,Illinois,17848.0,9308.0,0.0,650,,,,27806.0,2014
201405,2014-05,Indiana,15395.0,9454.0,677.0,597,,,,26123.0,2014
201405,2014-05,Iowa,120.0,1659.0,19.0,6,,,,1804.0,2014
201405,2014-05,Kansas,4155.0,3779.0,213.0,259,,,,8406.0,2014
201405,2014-05,Kentucky,6668.0,5294.0,160.0,445,,,,12567.0,2014
201405,2014-05,Louisiana,9196.0,6921.0,429.0,511,,,,17057.0,2014
201405,2014-05,Maine,2546.0,2571.0,86.0,134,,,,5337.0,2014
201405,2014-05,Mariana Islands,0.0,0.0,0.0,0,,,,0.0,2014
201405,2014-05,Maryland,2532.0,3877.0,69.0,15,,,,6493.0,2014
201405,2014-05,Massachusetts,4713.0,2294.0,293.0,166,,,,7466.0,2014
201405,2014-05,Michigan,8422.0,6988.0,299.0,160,,,,15869.0,2014
201405,2014-05,Minnesota,7285.0,7633.0,332.0,295,,,,15545.0,2014
201405,2014-05,Mississippi,5337.0,3706.0,146.0,245,,,,9434.0,2014
201405,2014-05,Missouri,14385.0,9810.0,590.0,749,,,,25534.0,2014
201405,2014-05,Montana,2516.0,3735.0,80.0,207,,,,6538.0,2014
201405,2014-05,Nebraska,107.0,1323.0,12.0,1,,,,1443.0,2014
201405,2014-05,Nevada,3740.0,2535.0,217.0,259,,,,6751.0,2014
201405,2014-05,New Hampshire,3831.0,2802.0,61.0,1,,,,6695.0,2014
201405,2014-05,New Jersey,4856.0,2871.0,181.0,0,,,,7908.0,2014
201405,2014-05,New Mexico,4577.0,3520.0,270.0,251,,,,8618.0,2014
201405,2014-05,New York,8008.0,10682.0,444.0,111,,,,19245.0,2014
201405,2014-05,North Carolina,767.0,8557.0,394.0,216,,,,9934.0,2014
201405,2014-05,North Dakota,1496.0,2549.0,59.0,82,,,,4186.0,2014
201405,2014-05,Ohio,21891.0,14553.0,1013.0,1030,,,,38487.0,2014
201405,2014-05,Oklahoma,9927.0,7324.0,684.0,768,,,,18703.0,2014
201405,2014-05,Oregon,9636.0,8199.0,0.0,0,,,,17835.0,2014
201405,2014-05,Pennsylvania,38001.0,6871.0,0.0,0,,,,44872.0,2014
201405,2014-05,Puerto Rico,1084.0,232.0,5.0,28,,,,1349.0,2014
201405,2014-05,Rhode Island,745.0,592.0,35.0,91,,,,1463.0,2014
201405,2014-05,South Carolina,6444.0,3875.0,310.0,220,,,,10849.0,2014
201405,2014-05,South Dakota,1992.0,2659.0,71.0,127,,,,4849.0,2014
201405,2014-05,Tennessee,15607.0,10039.0,0.0,722,,,,26368.0,2014
201405,2014-05,Texas,37264.0,29032.0,2209.0,2027,,,,70532.0,2014
201405,2014-05,Utah,2454.0,2854.0,98.0,104,,,,5510.0,2014
201405,2014-05,Vermont,977.0,1014.0,62.0,44,,,,2097.0,2014
201405,2014-05,Virgin Islands,8.0,3.0,0.0,1,,,,12.0,2014
201405,2014-05,Virginia,15597.0,11102.0,686.0,0,,,,27385.0,2014
201405,2014-05,Washington,12517.0,8554.0,907.0,471,,,,22449.0,2014
201405,2014-05,West Virginia,5563.0,4878.0,186.0,395,,,,11022.0,2014
201405,2014-05,Wisconsin,9269.0,8182.0,415.0,50,,,,17916.0,2014
201405,2014-05,Wyoming,1732.0,1972.0,68.0,112,,,,3884.0,2014
201404,2014-04,Alabama,13842.0,10285.0,571.0,628,,,,25326.0,2014
201404,2014-04,Alaska,3293.0,3805.0,246.0,204,,,,7548.0,2014
201404,2014-04,Arizona,10229.0,6786.0,644.0,493,,,,18152.0,2014
201404,2014-04,Arkansas,4509.0,4705.0,137.0,270,,,,9621.0,2014
201404,2014-04,California,40847.0,29602.0,4030.0,0,,,,74479.0,2014
201404,2014-04,Colorado,14888.0,11741.0,793.0,847,,,,28269.0,2014
201404,2014-04,Connecticut,4885.0,2714.0,75.0,0,,,,7674.0,2014
201404,2014-04,Delaware,1449.0,957.0,62.0,63,,,,2531.0,2014
201404,2014-04,District of Columbia,29.0,5.0,0.0,2,,,,36.0,2014
201404,2014-04,Florida,37470.0,19213.0,1728.0,1476,,,,59887.0,2014
201404,2014-04,Georgia,10794.0,6894.0,318.0,368,,,,18374.0,2014
201404,2014-04,Guam,107.0,64.0,31.0,7,,,,209.0,2014
201404,2014-04,Hawaii,0.0,0.0,0.0,0,,,,0.0,2014
201404,2014-04,Idaho,2524.0,3506.0,103.0,136,,,,6269.0,2014
201404,2014-04,Illinois,21131.0,11333.0,0.0,726,,,,33190.0,2014
201404,2014-04,Indiana,16956.0,11235.0,801.0,571,,,,29563.0,2014
201404,2014-04,Iowa,183.0,2379.0,17.0,4,,,,2583.0,2014
201404,2014-04,Kansas,4961.0,4849.0,290.0,255,,,,10355.0,2014
201404,2014-04,Kentucky,7460.0,6916.0,148.0,439,,,,14963.0,2014
201404,2014-04,Louisiana,9614.0,7205.0,510.0,464,,,,17793.0,2014
201404,2014-04,Maine,3028.0,3280.0,117.0,151,,,,6576.0,2014
201404,2014-04,Mariana Islands,0.0,2.0,0.0,0,,,,2.0,2014
201404,2014-04,Maryland,4065.0,4397.0,51.0,11,,,,8524.0,2014
201404,2014-04,Massachusetts,5277.0,2791.0,434.0,178,,,,8680.0,2014
201404,2014-04,Michigan,10199.0,8974.0,324.0,191,,,,19688.0,2014
201404,2014-04,Minnesota,9635.0,11501.0,422.0,371,,,,21929.0,2014
201404,2014-04,Mississippi,5471.0,4232.0,177.0,284,,,,10164.0,2014
201404,2014-04,Missouri,16394.0,13060.0,697.0,831,,,,30982.0,2014
201404,2014-04,Montana,2846.0,4260.0,104.0,248,,,,7458.0,2014
201404,2014-04,Nebraska,114.0,1530.0,20.0,4,,,,1668.0,2014
201404,2014-04,Nevada,4030.0,2969.0,223.0,205,,,,7427.0,2014
201404,2014-04,New Hampshire,4324.0,3113.0,93.0,3,,,,7533.0,2014
201404,2014-04,New Jersey,5108.0,3208.0,156.0,0,,,,8472.0,2014
201404,2014-04,New Mexico,4751.0,3793.0,258.0,211,,,,9013.0,2014
201404,2014-04,New York,8812.0,14214.0,682.0,159,,,,23867.0,2014
201404,2014-04,North Carolina,899.0,9966.0,496.0,157,,,,11518.0,2014
201404,2014-04,North Dakota,1931.0,3158.0,62.0,106,,,,5257.0,2014
201404,2014-04,Ohio,26196.0,18183.0,1228.0,1161,,,,46768.0,2014
201404,2014-04,Oklahoma,11910.0,9474.0,827.0,786,,,,22997.0,2014
201404,2014-04,Oregon,10106.0,9347.0,0.0,0,,,,19453.0,2014
201404,2014-04,Pennsylvania,44546.0,7942.0,0.0,0,,,,52488.0,2014
201404,2014-04,Puerto Rico,965.0,183.0,19.0,34,,,,1201.0,2014
201404,2014-04,Rhode Island,846.0,664.0,46.0,98,,,,1654.0,2014
201404,2014-04,South Carolina,7753.0,4816.0,372.0,253,,,,13194.0,2014
201404,2014-04,South Dakota,2219.0,3235.0,89.0,177,,,,5720.0,2014
201404,2014-04,Tennessee,16972.0,11316.0,0.0,670,,,,28958.0,2014
201404,2014-04,Texas,38657.0,30379.0,2127.0,2072,,,,73235.0,2014
201404,2014-04,Utah,2560.0,3154.0,110.0,134,,,,5958.0,2014
201404,2014-04,Vermont,1485.0,1527.0,62.0,39,,,,3113.0,2014
201404,2014-04,Virgin Islands,24.0,0.0,0.0,0,,,,24.0,2014
201404,2014-04,Virginia,17184.0,13113.0,740.0,0,,,,31037.0,2014
201404,2014-04,Washington,13876.0,9961.0,1074.0,492,,,,25403.0,2014
201404,2014-04,West Virginia,6345.0,6087.0,198.0,398,,,,13028.0,2014
201404,2014-04,Wisconsin,12764.0,12744.0,510.0,39,,,,26057.0,2014
201404,2014-04,Wyoming,2005.0,2209.0,77.0,112,,,,4403.0,2014
201403,2014-03,Alabama,17289.0,13141.0,691.0,762,0.0,0.0,,31883.0,2014
201403,2014-03,Alaska,2886.0,3330.0,209.0,181,0.0,0.0,,6606.0,2014
201403,2014-03,Arizona,12720.0,8253.0,629.0,593,0.0,0.0,,22195.0,2014
201403,2014-03,Arkansas,6054.0,5924.0,135.0,421,0.0,0.0,,12534.0,2014
201403,2014-03,California,45089.0,34352.0,4833.0,0,0.0,0.0,,84274.0,2014
201403,2014-03,Colorado,18478.0,13652.0,766.0,985,0.0,0.0,,33881.0,2014
201403,2014-03,Connecticut,6563.0,12310.0,171.0,0,0.0,0.0,,19044.0,2014
201403,2014-03,Delaware,1809.0,1219.0,70.0,90,0.0,0.0,,3188.0,2014
201403,2014-03,District of Columbia,45.0,3.0,0.0,0,0.0,0.0,,48.0,2014
201403,2014-03,Florida,42745.0,23125.0,1819.0,1602,0.0,0.0,,69291.0,2014
201403,2014-03,Georgia,15033.0,10064.0,364.0,571,0.0,0.0,,26032.0,2014
201403,2014-03,Guam,105.0,77.0,19.0,4,0.0,0.0,,205.0,2014
201403,2014-03,Hawaii,0.0,0.0,0.0,0,0.0,0.0,,0.0,2014
201403,2014-03,Idaho,3166.0,4346.0,135.0,182,0.0,0.0,,7829.0,2014
201403,2014-03,Illinois,26637.0,15182.0,0.0,1025,0.0,0.0,,42844.0,2014
201403,2014-03,Indiana,23024.0,15040.0,1085.0,705,0.0,0.0,,39854.0,2014
201403,2014-03,Iowa,237.0,3580.0,22.0,6,0.0,0.0,,3845.0,2014
201403,2014-03,Kansas,6240.0,6138.0,291.0,369,0.0,0.0,,13038.0,2014
201403,2014-03,Kentucky,10541.0,8970.0,216.0,507,0.0,0.0,,20234.0,2014
201403,2014-03,Louisiana,12132.0,9994.0,553.0,589,0.0,0.0,,23268.0,2014
201403,2014-03,Maine,3478.0,3487.0,158.0,145,0.0,0.0,,7268.0,2014
201403,2014-03,Mariana Islands,0.0,0.0,0.0,0,0.0,0.0,,0.0,2014
201403,2014-03,Maryland,8197.0,5712.0,70.0,9,0.0,0.0,,13988.0,2014
201403,2014-03,Massachusetts,6794.0,3607.0,406.0,204,0.0,0.0,,11011.0,2014
201403,2014-03,Michigan,13134.0,11534.0,431.0,257,0.0,0.0,,25356.0,2014
201403,2014-03,Minnesota,10604.0,12475.0,533.0,409,0.0,0.0,,24021.0,2014
201403,2014-03,Mississippi,7582.0,6093.0,182.0,311,0.0,0.0,,14168.0,2014
201403,2014-03,Missouri,20739.0,15823.0,876.0,905,0.0,0.0,,38343.0,2014
201403,2014-03,Montana,3307.0,4683.0,110.0,248,0.0,0.0,,8348.0,2014
201403,2014-03,Nebraska,121.0,2079.0,26.0,4,0.0,0.0,,2230.0,2014
201403,2014-03,Nevada,4727.0,3495.0,305.0,306,0.0,0.0,,8833.0,2014
201403,2014-03,New Hampshire,5060.0,3695.0,106.0,1,0.0,0.0,,8862.0,2014
201403,2014-03,New Jersey,5486.0,4034.0,205.0,0,0.0,0.0,,9725.0,2014
201403,2014-03,New Mexico,5928.0,5200.0,305.0,319,0.0,0.0,,11752.0,2014
201403,2014-03,New York,9717.0,15665.0,913.0,158,0.0,0.0,,26453.0,2014
201403,2014-03,North Carolina,1054.0,13571.0,528.0,227,0.0,0.0,,15380.0,2014
201403,2014-03,North Dakota,1966.0,3397.0,78.0,107,0.0,0.0,,5548.0,2014
201403,2014-03,Ohio,32656.0,21426.0,1535.0,1361,0.0,0.0,,56978.0,2014
201403,2014-03,Oklahoma,13697.0,11271.0,801.0,848,0.0,0.0,,26617.0,2014
201403,2014-03,Oregon,12411.0,11829.0,0.0,0,0.0,0.0,,24240.0,2014
201403,2014-03,Pennsylvania,57940.0,10351.0,0.0,0,0.0,0.0,,68291.0,2014
201403,2014-03,Puerto Rico,1167.0,194.0,4.0,39,0.0,0.0,,1404.0,2014
201403,2014-03,Rhode Island,1106.0,912.0,51.0,131,0.0,0.0,,2200.0,2014
201403,2014-03,South Carolina,10077.0,6225.0,451.0,282,0.0,0.0,,17035.0,2014
201403,2014-03,South Dakota,2857.0,4061.0,105.0,169,0.0,0.0,,7192.0,2014
201403,2014-03,Tennessee,19944.0,15014.0,0.0,898,0.0,0.0,,35856.0,2014
201403,2014-03,Texas,49169.0,38758.0,2453.0,2493,0.0,0.0,,92873.0,2014
201403,2014-03,Utah,3322.0,3888.0,117.0,139,0.0,0.0,,7466.0,2014
201403,2014-03,Vermont,1615.0,1563.0,71.0,55,0.0,0.0,,3304.0,2014
201403,2014-03,Virgin Islands,17.0,1.0,0.0,0,0.0,0.0,,18.0,2014
201403,2014-03,Virginia,23015.0,16781.0,904.0,0,0.0,0.0,,40700.0,2014
201403,2014-03,Washington,16516.0,12072.0,1185.0,544,0.0,0.0,,30317.0,2014
201403,2014-03,West Virginia,8542.0,7716.0,269.0,463,1.0,1.0,,16990.0,2014
201403,2014-03,Wisconsin,14797.0,15233.0,581.0,45,0.0,0.0,,30656.0,2014
201403,2014-03,Wyoming,2267.0,2379.0,82.0,121,0.0,0.0,,4849.0,2014
201402,2014-02,Alabama,19710.0,14439.0,679.0,1087,,,,35915.0,2014
201402,2014-02,Alaska,2697.0,2652.0,173.0,184,,,,5706.0,2014
201402,2014-02,Arizona,13149.0,8294.0,631.0,749,,,,22823.0,2014
201402,2014-02,Arkansas,7312.0,7375.0,127.0,662,,,,15476.0,2014
201402,2014-02,California,39048.0,29728.0,4280.0,0,,,,73056.0,2014
201402,2014-02,Colorado,17215.0,13037.0,661.0,1055,,,,31968.0,2014
201402,2014-02,Connecticut,5246.0,11351.0,149.0,0,,,,16746.0,2014
201402,2014-02,Delaware,1660.0,1022.0,95.0,89,,,,2866.0,2014
201402,2014-02,District of Columbia,25.0,2.0,0.0,1,,,,28.0,2014
201402,2014-02,Florida,46802.0,25174.0,1614.0,2008,,,,75598.0,2014
201402,2014-02,Georgia,17171.0,10809.0,355.0,1041,,,,29376.0,2014
201402,2014-02,Guam,88.0,46.0,23.0,1,,,,158.0,2014
201402,2014-02,Hawaii,0.0,0.0,0.0,0,,,,0.0,2014
201402,2014-02,Idaho,3263.0,4333.0,136.0,279,,,,8011.0,2014
201402,2014-02,Illinois,23448.0,13449.0,0.0,990,,,,37887.0,2014
201402,2014-02,Indiana,22970.0,14166.0,904.0,772,,,,38812.0,2014
201402,2014-02,Iowa,206.0,2939.0,27.0,7,,,,3179.0,2014
201402,2014-02,Kansas,7199.0,6496.0,313.0,521,,,,14529.0,2014
201402,2014-02,Kentucky,13082.0,10425.0,214.0,1157,,,,24878.0,2014
201402,2014-02,Louisiana,13147.0,10479.0,467.0,698,,,,24791.0,2014
201402,2014-02,Maine,3221.0,3082.0,156.0,177,,,,6636.0,2014
201402,2014-02,Mariana Islands,0.0,1.0,0.0,0,,,,1.0,2014
201402,2014-02,Maryland,10156.0,5446.0,47.0,12,,,,15661.0,2014
201402,2014-02,Massachusetts,5471.0,2679.0,346.0,161,,,,8657.0,2014
201402,2014-02,Michigan,11886.0,9984.0,352.0,242,,,,22464.0,2014
201402,2014-02,Minnesota,8845.0,9013.0,437.0,354,,,,18649.0,2014
201402,2014-02,Mississippi,9222.0,6691.0,199.0,517,,,,16629.0,2014
201402,2014-02,Missouri,21678.0,16291.0,825.0,1311,,,,40105.0,2014
201402,2014-02,Montana,2798.0,4003.0,117.0,337,,,,7255.0,2014
201402,2014-02,Nebraska,113.0,2129.0,16.0,4,,,,2262.0,2014
201402,2014-02,Nevada,5089.0,3284.0,210.0,323,,,,8906.0,2014
201402,2014-02,New Hampshire,4270.0,3080.0,89.0,4,,,,7443.0,2014
201402,2014-02,New Jersey,4327.0,3290.0,145.0,0,,,,7762.0,2014
201402,2014-02,New Mexico,5979.0,4999.0,271.0,347,,,,11596.0,2014
201402,2014-02,New York,8553.0,13614.0,731.0,149,,,,23047.0,2014
201402,2014-02,North Carolina,1082.0,15014.0,504.0,489,,,,17089.0,2014
201402,2014-02,North Dakota,1910.0,2814.0,62.0,104,,,,4890.0,2014
201402,2014-02,Ohio,32864.0,19732.0,1373.0,1707,,,,55676.0,2014
201402,2014-02,Oklahoma,15122.0,11260.0,740.0,1210,,,,28332.0,2014
201402,2014-02,Oregon,12334.0,10825.0,0.0,0,,,,23159.0,2014
201402,2014-02,Pennsylvania,47511.0,10231.0,0.0,0,,,,57742.0,2014
201402,2014-02,Puerto Rico,1140.0,182.0,15.0,33,,,,1370.0,2014
201402,2014-02,Rhode Island,996.0,718.0,31.0,141,,,,1886.0,2014
201402,2014-02,South Carolina,11484.0,6181.0,281.0,478,,,,18424.0,2014
201402,2014-02,South Dakota,3008.0,4013.0,92.0,217,,,,7330.0,2014
201402,2014-02,Tennessee,25694.0,17965.0,0.0,1199,,,,44858.0,2014
201402,2014-02,Texas,55417.0,41550.0,2271.0,3610,,,,102848.0,2014
201402,2014-02,Utah,3584.0,3976.0,85.0,193,,,,7838.0,2014
201402,2014-02,Vermont,1662.0,1337.0,68.0,61,,,,3128.0,2014
201402,2014-02,Virgin Islands,17.0,3.0,0.0,0,,,,20.0,2014
201402,2014-02,Virginia,24248.0,16694.0,1131.0,0,,,,42073.0,2014
201402,2014-02,Washington,15785.0,12011.0,1248.0,754,,,,29798.0,2014
201402,2014-02,West Virginia,8737.0,7936.0,241.0,863,,,,17777.0,2014
201402,2014-02,Wisconsin,13860.0,11750.0,451.0,67,,,,26128.0,2014
201402,2014-02,Wyoming,2187.0,2231.0,73.0,131,,,,4622.0,2014
201401,2014-01,Alabama,12371.0,12790.0,579.0,583,,,,26323.0,2014
201401,2014-01,Alaska,1994.0,2128.0,202.0,130,,,,4454.0,2014
201401,2014-01,Arizona,9833.0,7135.0,563.0,435,,,,17966.0,2014
201401,2014-01,Arkansas,4337.0,5573.0,112.0,265,,,,10287.0,2014
201401,2014-01,California,33834.0,27585.0,3822.0,0,,,,65241.0,2014
201401,2014-01,Colorado,14078.0,11498.0,678.0,784,,,,27038.0,2014
201401,2014-01,Connecticut,5330.0,6693.0,119.0,0,,,,12142.0,2014
201401,2014-01,Delaware,1325.0,943.0,80.0,59,,,,2407.0,2014
201401,2014-01,District of Columbia,48.0,3.0,0.0,1,,,,52.0,2014
201401,2014-01,Florida,37372.0,22370.0,1671.0,1519,,,,62932.0,2014
201401,2014-01,Georgia,9861.0,8510.0,303.0,418,,,,19092.0,2014
201401,2014-01,Guam,91.0,52.0,30.0,0,,,,173.0,2014
201401,2014-01,Hawaii,0.0,0.0,0.0,0,,,,0.0,2014
201401,2014-01,Idaho,2265.0,3193.0,113.0,144,,,,5715.0,2014
201401,2014-01,Illinois,20164.0,11190.0,0.0,784,,,,32138.0,2014
201401,2014-01,Indiana,14854.0,10418.0,908.0,525,,,,26705.0,2014
201401,2014-01,Iowa,214.0,2413.0,24.0,1,,,,2652.0,2014
201401,2014-01,Kansas,5257.0,5907.0,247.0,301,,,,11712.0,2014
201401,2014-01,Kentucky,7116.0,6657.0,200.0,439,,,,14412.0,2014
201401,2014-01,Louisiana,9395.0,10294.0,495.0,418,,,,20602.0,2014
201401,2014-01,Maine,2476.0,2616.0,122.0,138,,,,5352.0,2014
201401,2014-01,Mariana Islands,0.0,0.0,0.0,0,,,,0.0,2014
201401,2014-01,Maryland,13512.0,4859.0,35.0,6,,,,18412.0,2014
201401,2014-01,Massachusetts,5374.0,2727.0,367.0,137,,,,8605.0,2014
201401,2014-01,Michigan,7388.0,7414.0,355.0,153,,,,15310.0,2014
201401,2014-01,Minnesota,7500.0,7101.0,430.0,322,,,,15353.0,2014
201401,2014-01,Mississippi,5347.0,5946.0,166.0,257,,,,11716.0,2014
201401,2014-01,Missouri,16170.0,12823.0,840.0,734,,,,30567.0,2014
201401,2014-01,Montana,2280.0,3252.0,75.0,217,,,,5824.0,2014
201401,2014-01,Nebraska,93.0,1966.0,13.0,3,,,,2075.0,2014
201401,2014-01,Nevada,3683.0,2761.0,222.0,261,,,,6927.0,2014
201401,2014-01,New Hampshire,3767.0,2830.0,85.0,3,,,,6685.0,2014
201401,2014-01,New Jersey,4461.0,3337.0,156.0,0,,,,7954.0,2014
201401,2014-01,New Mexico,4256.0,3940.0,222.0,214,,,,8632.0,2014
201401,2014-01,New York,8356.0,11964.0,704.0,137,,,,21161.0,2014
201401,2014-01,North Carolina,743.0,11645.0,457.0,209,,,,13054.0,2014
201401,2014-01,North Dakota,1441.0,2621.0,62.0,86,,,,4210.0,2014
201401,2014-01,Ohio,21851.0,14893.0,1266.0,963,,,,38973.0,2014
201401,2014-01,Oklahoma,11442.0,10339.0,763.0,762,,,,23306.0,2014
201401,2014-01,Oregon,10184.0,9273.0,0.0,0,,,,19457.0,2014
201401,2014-01,Pennsylvania,207.0,48368.0,153.0,0,,,,48728.0,2014
201401,2014-01,Puerto Rico,1132.0,215.0,10.0,36,,,,1393.0,2014
201401,2014-01,Rhode Island,802.0,676.0,21.0,141,,,,1640.0,2014
201401,2014-01,South Carolina,7312.0,5263.0,308.0,264,,,,13147.0,2014
201401,2014-01,South Dakota,2283.0,3302.0,79.0,141,,,,5805.0,2014
201401,2014-01,Tennessee,17208.0,13754.0,0.0,693,,,,31655.0,2014
201401,2014-01,Texas,39174.0,36808.0,2083.0,2019,,,,80084.0,2014
201401,2014-01,Utah,2583.0,3106.0,117.0,105,,,,5911.0,2014
201401,2014-01,Vermont,971.0,1067.0,53.0,45,,,,2136.0,2014
201401,2014-01,Virgin Islands,18.0,2.0,0.0,0,,,,20.0,2014
201401,2014-01,Virginia,16759.0,14172.0,716.0,0,,,,31647.0,2014
201401,2014-01,Washington,13899.0,10505.0,1085.0,556,,,,26045.0,2014
201401,2014-01,West Virginia,5748.0,5726.0,233.0,339,,,,12046.0,2014
201401,2014-01,Wisconsin,9720.0,8491.0,472.0,42,,,,18725.0,2014
201401,2014-01,Wyoming,1504.0,1816.0,87.0,82,,,,3489.0,2014
